3074 4916
698 441 911 504 „36-

345 609 435 678 (livil.
467 610 521 689 IV,
551 613 608 675 62:
647 607 710 698 τὴν
737 611 798 696 μὲν
824 618 888 677 τοῦ
914 608 1127 697 Λολλοβέλλα
1157 607 1317 696 στρατιὰν
1348 607 1381 690 ἐς

242 721 363 792 ἑαυτὸν
384 721 574 808 μεθώρκου.
598 722 676 788 ibid.
694 728 772 788 116:
794 720 874 801 τοὺς
895 722 956 809 μὲν
973 718 1098 807 ἄνδρας
1121 723 1154 790 oi
1172 723 1248 807 περὶ
1263 729 1379 807 Μοῦρ·

242 862 305 904 κον
328 832 361 915 ἐς
382 833 524 914 ἑαυτοὺς
545 832 757 921 μεθώρκουν.

344 947 449 1012 Hann.
471 952 529 1012 34:
562 950 595 1015 οί
622 953 823 1032 Ταραντῖνοι
852 944 932 1026 τοὺς
961 955 1165 1032 φοιτοῦντας
1187 941 1302 1014 αὐτῶν
1324 971 1377 1033 με·

241 1059 399 1127 ιε’πειθον
428 1056 460 1139 ἐς
480 1056 641 1144 Ἀννίβαν.
687 1057 775 1124 Civil.
802 1058 858 1138 III,
883 1067 918 1124 5:
948 1055 989 1126 τὰ
1017 1057 1130 1126 τοιάδε
1160 1056 1324 1144 αἰτήματα
1348 1055 1380 1136 ἐς

240 1170 302 1240 τὸν
321 1167 497 1239 Ἀντώνιον
528 1167 624 1251 ἐξιὼν
653 1166 838 1238 ἀνετίθετο.
884 1169 976 1254 Hisp.
1000 1175 1058 1236 34:
1088 1169 1226 1238 ἔπειθον
1255 1165 1379 1249 αὐτοὺς

242 1282 277 1364 ἐς
308 1283 368 1352 τὸν
398 1282 554 1370 Μάγωνα
582 1282 798 1369 μεταθέσθαι.
849 1281 960 1347 Mithr.
993 1286 1053 1348 82:
1089 1278 1228 1369 ἀθρόας
1259 1281 1294 1362 ἐς
1320 1281 1381 1350 τὸν

241 1394 456 1464 Λεύκουλλον
476 1398 699 1482 μετετίθεντο.
746 1393 901 1460 Similiter
927 1394 1019 1479 Hisp.
1045 1401 1093 1460 15.
1118 1400 1167 1460 17.
1192 1400 1242 1460 31.
1272 1395 1377 1460 Hann.

242 1513 291 1572 22.
315 1513 366 1573 49.
397 1507 446 1572 ΙΙΙ.
471 1513 499 1571 7.
530 1507 618 1572 Civil.
641 1507 665 1586 I,
689 1512 739 1572 87.
764 1512 814 1572 92.
843 1507 900 1572 ΙΙΙ.
926 1506 1069 1591 lestis).
1095 1513 1146 1575 93.
1174 1507 1211 1588 V,
1239 1513 1289 1572 31.

345 1620 414 1704 Syr.
438 1623 497 1684 60:
528 1617 703 1706 περιϊούσμ
731 1619 907 1710 (βασιλείᾳ)
933 1620 995 1706 μὲν
1024 1616 1057 1698 ἒς
1085 1617 1182 1688 τόνδε
1212 1619 1274 1688 τὸν
1300 1618 1378 1706 κοίμ-

241 1758 345 1802 νοντα
366 1730 510 1818 βασιλέα.
556 1730 708 1828 616111,
731 1737 767 1795 7:
796 1735 890 1799 δοκεῖ
919 1748 1006 1800 τισιν
1033 1727 1092 1819 ἥδε
1116 1729 1137 1818 ἡ
1159 1727 1287 1819 εὐφημί

241 1853 432 1929 περιελθεῖν
466 1839 498 1923 ἒς
536 1851 606 1911 τῶν
647 1852 713 1911 νῦν
745 1839 1007 1930 αὐτοκρατόρων
1038 1841 1118 1924 τοὺς
1153 1844 1379 1931 φαινομένους

241 1953 363 2038 ἀξίους.
411 1955 448 2036 V,
476 1960 512 2020 2:
551 1952 769 2044 ἡῬωμαίων
799 1951 883 2042 ἀρχὴ
911 1963 1000 2023 πᾶσα
1029 1963 1212 2042 περιῆλθεν
1248 1954 1283 2037 ἐς
1315 1954 1378 2023 δύο

190 2110 193 2120 =
240 2067 356 2156 μόνον.

345 2180 410 2245 Sed
439 2200 480 2244 ne
512 2178 564 2244 oni
594 2179 706 2245 videar
734 2180 851 2244 incerti
882 2180 1057 2264 quicquam
1084 2185 1142 2246 aut
1162 2180 1237 2245 falsi
1259 2201 1377 2265 propo-

241 2293 354 2373 suisse,
375 2292 474 2357 liceat
496 2293 575 2356 mihi
600 2291 718 2357 afferre
731 2291 890 2376 exempla,
914 2312 998 2374 quae
1020 2291 1161 2358 fortasse
1183 2291 1279 2358 huius
1301 2315 1379 2358 usus

240 2405 274 2469 in
305 2404 530 2488 Xenophontis
561 2409 618 2469 aut
647 2403 845 2488 Thucydidis
874 2403 967 2469 libris
996 2404 1157 2488 leguntur.
1211 2405 1254 2469 Et
1282 2404 1379 2470 locali

241 2517 371 2600 quidem
393 2517 524 2581 notione
540 2515 726 2601 praeditum
748 2537 809 2581 nec
832 2516 921 2600 apud
936 2516 1186 2601 Xenophontem
1209 2537 1270 2582 nec
1291 2517 1378 2601 apud

241 2629 462 2713 Thucydidem
483 2628 584 2693 ullum
608 2634 738 2693 exstare
769 2628 952 2713 exemplum
973 2629 1097 2709 inveni,
1127 2630 1184 2696 ubi
1207 2629 1323 2694 vocula
1346 2627 1379 2709 ἒς

242 2740 376 2824 singulis
394 2741 579 2806 hominibus
596 2740 786 2826 praeposita
807 2745 858 2806 est
868 2741 911 2826 1);
933 2747 1063 2806 constat
1078 2742 1162 2806 enim
1185 2740 1271 2806 hanc
1284 2762 1379 2826 prae-

240 2852 435 2936 positionem
456 2852 554 2917 locali
576 2853 606 2918 vi
635 2852 723 2936 apud
745 2853 871 2917 Atticos
893 2852 1088 2937 populorum
1113 2853 1217 2919 solum
1242 2853 1376 2918 nomini·

240 2965 302 3031 bus
323 2965 375 3030 vel
398 2963 575 3029 collectivis
597 2963 731 3052 (βουλή,
754 2967 868 3052 δῆμος,
893 2968 1036 3052 πλῆθος)
1059 2965 1110 3030 vel
1132 2966 1279 3048 quamvis
1302 2987 1378 3030 raro

241 3077 407 3142 hominum
434 3076 633 3161 pluralibus,
667 3097 751 3159 quae
789 3075 968 3160 funguntur
998 3078 1128 3143 illorum
1149 3077 1289 3157 vicibus,
1320 3077 1378 3142 ad-

241 3190 331 3272 iungi
342 3189 379 3275 λ).

344 3299 516 3367 Translate
547 3306 656 3366 autem
686 3301 743 3366 ubi
769 3306 820 3365 est
847 3302 956 3385 posita
985 3301 1069 3366 haec
1097 3300 1313 3386 praepositio,
1343 3302 1379 3364 in

242 3414 390 3479 omnibus
413 3412 638 3497 Xenophontis
660 3413 770 3493 libris,
796 3413 860 3478 nisi
883 3435 967 3497 quae
989 3413 1130 3478 fortasse
1154 3413 1265 3479 oculos
1287 3434 1380 3478 meos

240 3526 326 3591 inter
347 3525 518 3609 legendnm
541 3523 742 3608 effugerunt,
762 3547 825 3590 non
848 3526 922 3611 plus
945 3546 1043 3609 quam
1066 3526 1249 3609 quindecim
1271 3525 1381 3590 inveni

241 3638 406 3722 exempla3
432 3643 464 3704 et
487 3658 571 3721 quae
594 3637 637 3702 sit
658 3637 868 3722 Thucydidea
890 3639 993 3718 ratio,
1017 3638 1165 3703 conferas
1187 3638 1210 3703 I.
1235 3635 1393 3715 Golisoh„

240 3749 260 3814 1.
276 3750 296 3815 l.
320 3758 356 3817 Ρ.
380 3751 404 3830 Ι,
428 3750 467 3815 de
491 3749 523 3830 ἐς
544 3749 798 3833 praepositione,
824 3755 915 3816 1859.

344 3862 385 3926 II.
430 3863 534 3927 Simili
566 3862 662 3926 modo
691 3862 770 3926 mihi
799 3861 928 3927 videtur
959 3862 1125 3946 Appianas
1160 3861 1260 3946 paulo
1290 3861 1383 3926 ultra

241 3975 424 4039 Atticorum
440 3974 705 4041 consuetudinem
726 3974 855 4040 dicendi
874 3974 1071 4059 processisse
1093 3974 1133 4038 iis
1146 3973 1237 4054 locis,
1260 3973 1382 4057 quibus

346 4186 370 4249 1)
390 4183 423 4239 de
442 4182 567 4253 Thucyd.
586 4183 608 4238 l.
629 4186 678 4236 137
697 4183 749 4237 vid.
770 4183 858 4252 Popp.
878 4183 948 4253 adn,
973 4183 1016 4237 ed.
1036 4184 1099 4238 mai.
1125 4198 1152 4251 p.
1172 4181 1232 4250 666,
1259 4181 1383 4235 Sintenis

240 4269 276 4324 ad
295 4269 432 4324 Plutarch.
452 4269 513 4324 Per.
531 4285 589 4326 exc.
607 4272 633 4336 4,
653 4286 678 4337 p.
698 4271 757 4326 309.

343 4358 369 4424 2)
389 4357 422 4409 cf.
441 4355 565 4426 Xenoph.
585 4372 647 4426 exp.
667 4355 726 4424 Cyr.
752 4355 784 4422 V,
804 4359 830 4423 4,
848 4358 880 4412 2:
908 4353 1063 4423 πέμπουσιν
1088 4351 1117 4417 ἐς
1143 4349 1249 4415 αὐτους
1273 4352 1331 4408 scil.
1350 4350 1384 4416 ἒς

241 4437 309 4502 vorle
328 4443 541 4504 Μοσσυνοίκους
560 4442 678 4509 aliaque.
