3074 4916
615 323 832 388 ..45-

257 491 292 576 b)
317 512 390 556 oum
412 489 452 557 de
473 491 604 556 inimieo
627 492 735 556 animo
761 497 812 557 est
833 491 1058 575 cogitandum,
1087 496 1124 556 ut
1142 490 1290 576 proxime

151 602 291 670 accedat
310 603 491 688 particulas
512 601 596 690 πρὸς
617 604 669 668 vel
690 604 745 672 ἐπί
754 604 789 688 1).

256 716 363 782 Aliam
392 722 502 782 eutem
538 716 605 781 iam
633 714 760 782 videbis
792 736 862 781 esse
892 716 1053 782 rationem
1082 715 1146 782 hae
1174 717 1290 782 vocula

151 829 265 896 utendi
286 826 374 913 apud
397 829 594 912 Appianum,
625 828 718 894 ouius
739 829 773 893 in
795 827 888 894 libris
909 829 1186 913 praepositionem
1207 826 1291 898 κατὰ

152 940 312 1007 translate
344 961 417 1006 oum
448 941 597 1024 genetivo
629 940 816 1025 copulatam
844 940 886 1006 ad
915 962 1015 1006 uuum
1039 940 1188 1006 omnibus
1209 941 1291 1006 loeis

151 1053 273 1119 infecto
295 1053 402 1118 animo
431 1057 464 1117 et
491 1052 603 1118 hostili
631 1053 826 1119 instructam
858 1073 929 1119 esse
950 1059 1019 1118 tam
1043 1053 1208 1137 singulare
1231 1059 1290 1134 est,

151 1170 191 1230 ut
219 1187 259 1231 ex
290 1165 433 1230 omnium
465 1185 620 1248 generum
652 1165 759 1231 verbis
790 1186 948 1250 suspensa
976 1165 1009 1230 in
1031 1166 1217 1231 universum
1239 1186 1290 1236 re·

152 1277 311 1362 spondere
336 1276 486 1342 videatur
508 1277 644 1343 Latinae
665 1277 900 1362 praepositioni
923 1281 1038 1344 eontra
1060 1277 1112 1342 vel
1133 1277 1290 1342 adversus

152 1395 187 1456 et
221 1397 291 1456 tum
320 1410 450 1474 quoque
476 1396 634 1474 ponatur,
671 1389 728 1456 ubi
760 1389 848 1474 apud
877 1389 1004 1456 Atticos
1031 1390 1290 1474 praepositiones

151 1501 235 1588 πρὸς
258 1502 310 1568 vel
332 1503 385 1571 ea
409 1502 558 1568 adhiberi
587 1502 745 1568 usitatum
776 1523 816 1569 aa
838 1501 993 1568 sollemne
1020 1506 1077 1567 est.
1122 1501 1160 1566 In
1182 1522 1290 1567 exem-

151 1615 214 1699 plis
236 1619 345 1681 autem
374 1613 596 1680 describendis
627 1615 805 1699 Appianeis
833 1636 906 1680 eam
930 1613 1190 1698 dispositionem,
1225 1634 1291 1698 qua

151 1748 230 1792 usus
253 1731 303 1792 est
325 1727 357 1792 Ο.
381 1725 596 1812 Przybilla2),
622 1727 702 1792 mibi
718 1727 923 1793 ¹servandam
947 1747 1018 1792 esse
1036 1731 1130 1792 ratus
1150 1747 1220 1792 rem
1242 1726 1291 1791 ita

151 1839 331 1918 instituam,
353 1843 391 1903 ut
414 1838 541 1904 omissis
562 1839 616 1918 iis,
637 1860 722 1923 quae
745 1841 928 1905 Atticorum
951 1860 1082 1923 quoque
1106 1839 1290 1904 eommunia

151 1956 228 2017 suut
248 1973 287 2017 ao
307 1950 388 2016 trita
408 1949 498 2016 velut
519 1951 638 2038 λέγειν,
661 1951 767 2037 φάναι
788 1951 872 2020 κατά
894 1978 995 2034 τινος,
1018 1972 1058 2016 ea
1079 1949 1183 2016 solum
1208 1949 1286 2015 affe-

150 2084 238 2143 ram,
262 2085 346 2148 quae
372 2062 414 2129 ab
436 2062 566 2128 illorum
589 2086 651 2129 usu
673 2063 801 2128 diversa
823 2064 1030 2148 Appiauique
1051 2083 1169 2145 magno
1192 2083 1290 2146 opere

150 2176 285 2260 propria
306 2179 390 2255 sunt,
412 2181 445 2240 et
462 2175 723 2240 commemorabo
745 2174 844 2256 locos,
864 2175 983 2259 quibus
1005 2176 1114 2258 posita
1132 2181 1181 2239 est
1193 2195 1289 2258 prae·

150 2287 271 2370 positio
293 2285 377 2355 κατὰ
398 2292 473 2371 post
495 2285 596 2352 verba

357 2401 391 2484 a)
414 2398 531 2480 media,

358 2511 393 2593 b)
416 2511 592 2590 iudicialia‚

358 2625 389 2708 o)
416 2622 601 2690 effectuum.

149 2733 251 2813 Illius,
274 2735 361 2818 quod
384 2741 537 2819 quartum
561 2734 733 2801 collocavit
755 2735 926 2821 Przybilla,
950 2737 1077 2820 generis
1100 2735 1214 2818 (verba
1237 2736 1287 2802 iu·

148 2847 246 2912 randi
267 2853 301 2912 et
322 2846 564 2931 confirmandi),
595 2868 667 2913 oum
691 2847 816 2912 nullum
838 2847 926 2932 apud
948 2849 1132 2932 Appianum
1154 2849 1285 2913 investi·

149 2959 294 3042 gaverim
318 2959 509 3042 exemplum,
532 2959 595 3024 hoe
616 2959 688 3025 loeo
710 2960 843 3026 missum
865 2960 1032 3027 faciamus

255 3072 289 3156 a)
321 3071 484 3136 Notentur
515 3071 617 3154 igitur
644 3071 721 3152 loci,
754 3072 811 3138 ubi
846 3074 989 3139 ooourrit
1019 3071 1102 3141 κατὰ
1131 3094 1149 3137 e
1177 3072 1287 3138 verbis

148 3182 282 3263 mediis,
313 3183 474 3267 quibusa
503 3189 622 3248 natura
650 3183 790 3250 infectus
818 3186 944 3251 animus
973 3184 1081 3250 nullus
1101 3185 1203 3266 inest,
1234 3207 1286 3250 su·

148 3315 320 3379 sponsum:

255 3407 332 3490 Reg.
358 3412 413 3472 12:
445 3404 733 3495 ἀποδεικνύμενον
754 3409 835 3495 ἔργα
857 3407 990 3498 λαμπρὰ
1020 3408 1103 3478 κατὰ
1126 3418 1196 3477 τῶν
1219 3416 1285 3477 Σα-

145 3523 264 3607 βίνων.
309 3518 465 3584 Similiter
485 3519 595 3585 Mithr.
612 3525 670 3588 95:
693 3519 731 3589 τὸ
749 3520 833 3589 κατὰ
856 3531 955 3607 σφῶν
970 3522 1070 3608 ἔργον
1087 3518 1283 3602 ἀποδείξειν.

146 3628 241 3697 civil.
261 3630 316 3710 Ill,
340 3635 397 3697 87:
424 3627 479 3699 ola
501 3632 717 3720 πεποιηκέναι
738 3632 821 3701 κατὰ
843 3643 913 3701 τῶν
936 3631 1134 3721 εἰληφότων.
1163 3631 1203 3712 ΙΙ,
1228 3639 1285 3698 50:

145 3741 230 3810 τάδε
250 3741 432 3829 πράττοντι
454 3741 538 3811 κατὰ
561 3752 620 3830 τῆς
642 3748 811 3832 πατρίδος.
842 3744 975 3823 111‚32:
997 3742 1069 3832 (μὴ)
1093 3747 1286 3834 διαπραχθῇ

144 3863 221 3933 τοῖς
243 3853 376 3941 ἔχθραις
396 3851 471 3923 καθ’
494 3853 590 3942 ἡμῶν
611 3854 633 3922 ἃ
655 3856 844 3943 βούλονται.
888 3856 942 3936 IV,
959 3861 1015 3920 33:
1038 3854 1119 3943 μήτε
1138 3854 1285 3943 συμπρά-

144 3967 265 4052 ξαιμεν
293 3963 375 4054 ὑμῖν
402 3965 470 4035 κατ’
500 3963 662 4054 ἀλλήλων.
714 3967 784 4052 Syr.
812 3973 867 4032 15:
898 3965 1004 4036 πολλά
1031 3993 1066 4035 τε
1096 3965 1178 4036 ἄλλα
1207 3963 1282 4034 καθ’

254 4245 281 4312 1)
299 4240 334 4300 ef.
354 4241 455 4309 Rrueg.
474 4241 493 4298 1.
512 4242 530 4298 l.
549 4243 657 4302 Kuebn.
676 4242 741 4302 ibid.

251 4331 278 4398 ὓ)
298 4327 336 4382 ci.
354 4329 404 4384 1.1.
424 4327 446 4394 1,
464 4347 491 4398 p.
510 4332 543 4384 33
556 4346 599 4400 sq.
