<?xml version="1.0" encoding="UTF-8"?>
<!DOCTYPE html PUBLIC "-//W3C//DTD XHTML 1.0 Transitional//EN"
    "http://www.w3.org/TR/xhtml1/DTD/xhtml1-transitional.dtd">
<html xmlns="http://www.w3.org/1999/xhtml" xml:lang="en" lang="en">
 <head>
  <title>
</title>
<meta http-equiv="Content-Type" content="text/html;charset=utf-8" />
  <meta name='ocr-system' content='tesseract 3.04.00' />
  <meta name='ocr-capabilities' content='ocr_page ocr_carea ocr_par ocr_line ocrx_word'/>
</head>
<body>
  <div class='ocr_page' id='page_1' title='image "./depraepositionu00krumgoog_0058.png"; bbox 0 0 3074 4916; ppageno 0'>
   <div class='ocr_carea' id='block_1_1' title="bbox 635 321 851 382">
    <p class='ocr_par' dir='ltr' id='par_1_1' title="bbox 635 321 851 382">
     <span class='ocr_line' id='line_1_1' title="bbox 635 321 851 382; baseline 0.005 -16"><span class='ocrx_word' id='word_1_1' title='bbox 635 321 851 382; x_wconf 67' lang='lat'>..53-</span> 
     </span>
    </p>
   </div>
   <div class='ocr_carea' id='block_1_2' title="bbox 174 485 1383 2241">
    <p class='ocr_par' dir='ltr' id='par_1_2' title="bbox 174 485 1312 683">
     <span class='ocr_line' id='line_1_2' title="bbox 175 485 1312 578; baseline -0.004 -19"><span class='ocrx_word' id='word_1_2' title='bbox 175 487 389 572; x_wconf 61' lang='lat' dir='ltr'><strong>campariciis</strong></span> <span class='ocrx_word' id='word_1_3' title='bbox 417 487 711 570; x_wconf 70' lang='grc' dir='ltr'><strong><em>ἐκιτωθαζόντωνς</em></strong></span> <span class='ocrx_word' id='word_1_4' title='bbox 748 493 781 557; x_wconf 81' lang='lat' dir='ltr'><strong>oi</strong></span> <span class='ocrx_word' id='word_1_5' title='bbox 810 486 855 558; x_wconf 81' lang='grc' dir='ltr'><strong>ἐτ’</strong></span> <span class='ocrx_word' id='word_1_6' title='bbox 888 485 1053 570; x_wconf 83' lang='grc' dir='ltr'><strong><em>ἀξιώσεως</em></strong></span> <span class='ocrx_word' id='word_1_7' title='bbox 1084 511 1144 578; x_wconf 91' lang='lat' dir='ltr'><strong>pro</strong></span> <span class='ocrx_word' id='word_1_8' title='bbox 1165 489 1312 555; x_wconf 83' lang='lat' dir='ltr'>sollemni</span> 
     </span>
     <span class='ocr_line' id='line_1_3' title="bbox 174 598 1226 683; baseline 0.002 -15"><span class='ocrx_word' id='word_1_9' title='bbox 174 604 340 669; x_wconf 87' lang='lat' dir='ltr'><strong>locutione</strong></span> <span class='ocrx_word' id='word_1_10' title='bbox 363 607 396 671; x_wconf 81' lang='lat' dir='ltr'><strong>ot</strong></span> <span class='ocrx_word' id='word_1_11' title='bbox 418 604 454 671; x_wconf 81' lang='grc' dir='ltr'><strong>ἐν</strong></span> <span class='ocrx_word' id='word_1_12' title='bbox 477 598 608 683; x_wconf 81' lang='grc' dir='ltr'><strong><em>ἀξιώσει</em></strong></span> <span class='ocrx_word' id='word_1_13' title='bbox 630 600 680 666; x_wconf 82' lang='lat' dir='ltr'><strong>vel</strong></span> <span class='ocrx_word' id='word_1_14' title='bbox 703 605 735 670; x_wconf 91' lang='grc' dir='ltr'><strong>οί</strong></span> <span class='ocrx_word' id='word_1_15' title='bbox 757 603 794 671; x_wconf 84' lang='grc' dir='ltr'><strong>ἐν</strong></span> <span class='ocrx_word' id='word_1_16' title='bbox 815 603 909 671; x_wconf 83' lang='grc' dir='ltr'><strong><em>τέλει.</em></strong></span> <span class='ocrx_word' id='word_1_17' title='bbox 1117 663 1119 670; x_wconf 80' lang='grc'>,</span> <span class='ocrx_word' id='word_1_18' title='bbox 1224 656 1226 662; x_wconf 51' lang='grc'>,</span> 
     </span>
    </p>

    <p class='ocr_par' dir='ltr' id='par_1_3' title="bbox 176 711 1383 1588">
     <span class='ocr_line' id='line_1_4' title="bbox 282 711 1313 807; baseline 0.002 -26"><span class='ocrx_word' id='word_1_19' title='bbox 282 717 316 800; x_wconf 77' lang='grc'><strong>6)</strong></span> <span class='ocrx_word' id='word_1_20' title='bbox 339 714 413 799; x_wconf 82' lang='lat' dir='ltr'><strong>post</strong></span> <span class='ocrx_word' id='word_1_21' title='bbox 434 719 610 802; x_wconf 75' lang='grc' dir='ltr'><strong><em>γίγνεσθαι</em></strong></span> <span class='ocrx_word' id='word_1_22' title='bbox 619 743 628 777; x_wconf 90' lang='grc'><strong>.·</strong></span> <span class='ocrx_word' id='word_1_23' title='bbox 659 713 746 778; x_wconf 84' lang='lat' dir='ltr'><strong>Sivil.</strong></span> <span class='ocrx_word' id='word_1_24' title='bbox 770 720 799 794; x_wconf 86' lang='lat'><strong>2,</strong></span> <span class='ocrx_word' id='word_1_25' title='bbox 823 721 857 780; x_wconf 85' lang='lat'><strong>3:</strong></span> <span class='ocrx_word' id='word_1_26' title='bbox 887 711 953 783; x_wconf 88' lang='grc' dir='ltr'><strong>ἀκὸ</strong></span> <span class='ocrx_word' id='word_1_27' title='bbox 979 716 1015 783; x_wconf 77' lang='grc' dir='ltr'><strong>δὲ</strong></span> <span class='ocrx_word' id='word_1_28' title='bbox 1038 725 1097 802; x_wconf 80' lang='grc' dir='ltr'><strong><em>τῆς</em></strong></span> <span class='ocrx_word' id='word_1_29' title='bbox 1119 716 1156 784; x_wconf 83' lang='grc' dir='ltr'><strong>ἐν</strong></span> <span class='ocrx_word' id='word_1_30' title='bbox 1177 720 1313 807; x_wconf 76' lang='grc' dir='ltr'><strong><em>Σικελίᾳ</em></strong></span> 
     </span>
     <span class='ocr_line' id='line_1_5' title="bbox 177 824 1314 914; baseline 0 -18"><span class='ocrx_word' id='word_1_31' title='bbox 177 833 350 914; x_wconf 80' lang='grc' dir='ltr'><strong><em>στρατείας</em></strong></span> <span class='ocrx_word' id='word_1_32' title='bbox 380 829 433 895; x_wconf 82' lang='grc' dir='ltr'><strong>ἐπὶ</strong></span> <span class='ocrx_word' id='word_1_33' title='bbox 465 824 680 914; x_wconf 83' lang='grc' dir='ltr'><strong><em>φρονήματος</em></strong></span> <span class='ocrx_word' id='word_1_34' title='bbox 710 827 893 914; x_wconf 76' lang='grc' dir='ltr'><strong><em>γεγονότες.</em></strong></span> <span class='ocrx_word' id='word_1_35' title='bbox 939 827 1030 912; x_wconf 87' lang='lat' dir='ltr'><strong>Hisp.</strong></span> <span class='ocrx_word' id='word_1_36' title='bbox 1055 834 1091 893; x_wconf 86' lang='lat'><strong>9:</strong></span> <span class='ocrx_word' id='word_1_37' title='bbox 1121 828 1174 895; x_wconf 82' lang='grc' dir='ltr'><strong>ἐπὶ</strong></span> <span class='ocrx_word' id='word_1_38' title='bbox 1197 827 1314 908; x_wconf 79' lang='grc' dir='ltr'><strong><em>κλέους</em></strong></span> 
     </span>
     <span class='ocr_line' id='line_1_6' title="bbox 176 937 1383 1028; baseline -0.002 -19"><span class='ocrx_word' id='word_1_39' title='bbox 176 937 354 1009; x_wconf 77' lang='grc' dir='ltr'><em>ἀθανάτου</em></span> <span class='ocrx_word' id='word_1_40' title='bbox 375 938 585 1027; x_wconf 81' lang='grc' dir='ltr'><strong><em>γενήσεσθαι.</em></strong></span> <span class='ocrx_word' id='word_1_41' title='bbox 630 940 708 1004; x_wconf 88' lang='lat' dir='ltr'><strong>Pun.</strong></span> <span class='ocrx_word' id='word_1_42' title='bbox 725 945 761 1004; x_wconf 85' lang='lat'><strong>6:</strong></span> <span class='ocrx_word' id='word_1_43' title='bbox 782 941 838 1007; x_wconf 87' lang='grc' dir='ltr'><strong>καί</strong></span> <span class='ocrx_word' id='word_1_44' title='bbox 860 940 912 1007; x_wconf 81' lang='grc' dir='ltr'><strong>ἐπὶ</strong></span> <span class='ocrx_word' id='word_1_45' title='bbox 935 939 1033 1027; x_wconf 81' lang='grc' dir='ltr'><strong><em>δόξης</em></strong></span> <span class='ocrx_word' id='word_1_46' title='bbox 1055 940 1092 1007; x_wconf 82' lang='grc' dir='ltr'><strong>ἐκ</strong></span> <span class='ocrx_word' id='word_1_47' title='bbox 1113 944 1213 1008; x_wconf 84' lang='grc' dir='ltr'><strong><em>τοῦδε</em></strong></span> <span class='ocrx_word' id='word_1_48' title='bbox 1237 947 1312 1009; x_wconf 86' lang='grc' dir='ltr'><strong><em>πολ-</em></strong></span> <span class='ocrx_word' id='word_1_49' title='bbox 1381 1021 1383 1028; x_wconf 19' lang='lat' dir='ltr'><strong>y</strong></span> 
     </span>
     <span class='ocr_line' id='line_1_7' title="bbox 177 1051 1313 1140; baseline 0.002 -21"><span class='ocrx_word' id='word_1_50' title='bbox 177 1061 237 1139; x_wconf 82' lang='grc' dir='ltr'><strong><em>λῆς</em></strong></span> <span class='ocrx_word' id='word_1_51' title='bbox 257 1051 444 1139; x_wconf 75' lang='grc' dir='ltr'><strong><em>γενόμενος.</em></strong></span> <span class='ocrx_word' id='word_1_52' title='bbox 489 1055 545 1118; x_wconf 73' lang='grc' dir='ltr'><strong>93ἑ</strong></span> <span class='ocrx_word' id='word_1_53' title='bbox 561 1052 629 1120; x_wconf 66' lang='grc' dir='ltr'><strong><em>ἀντὶ</em></strong></span> <span class='ocrx_word' id='word_1_54' title='bbox 659 1061 855 1138; x_wconf 74' lang='grc' dir='ltr'><strong><em>θαυμαστῆς</em></strong></span> <span class='ocrx_word' id='word_1_55' title='bbox 878 1053 1051 1140; x_wconf 78' lang='grc' dir='ltr'><strong><em>ἐγίγνοντο</em></strong></span> <span class='ocrx_word' id='word_1_56' title='bbox 1073 1058 1257 1140; x_wconf 73' lang='grc' dir='ltr'><strong><em>μεταβολῆς</em></strong></span> <span class='ocrx_word' id='word_1_57' title='bbox 1279 1078 1313 1121; x_wconf 90' lang='grc' dir='ltr'><strong><em>τε</em></strong></span> 
     </span>
     <span class='ocr_line' id='line_1_8' title="bbox 178 1160 1313 1256; baseline 0.001 -23"><span class='ocrx_word' id='word_1_58' title='bbox 178 1167 234 1234; x_wconf 86' lang='grc' dir='ltr'><strong>καί</strong></span> <span class='ocrx_word' id='word_1_59' title='bbox 256 1163 384 1252; x_wconf 86' lang='grc' dir='ltr'><strong><em>τόλμης.</em></strong></span> <span class='ocrx_word' id='word_1_60' title='bbox 429 1165 512 1230; x_wconf 84' lang='lat' dir='ltr'><strong>Mac.</strong></span> <span class='ocrx_word' id='word_1_61' title='bbox 542 1169 598 1230; x_wconf 80' lang='lat'><strong>19:</strong></span> <span class='ocrx_word' id='word_1_62' title='bbox 631 1162 755 1256; x_wconf 82' lang='grc' dir='ltr'><strong><em>Παύλῳ</em></strong></span> <span class='ocrx_word' id='word_1_63' title='bbox 787 1160 833 1232; x_wconf 82' lang='grc' dir='ltr'><strong>ἐπ’</strong></span> <span class='ocrx_word' id='word_1_64' title='bbox 867 1162 1020 1250; x_wconf 78' lang='grc' dir='ltr'><strong><em>εὐτυχίας</em></strong></span> <span class='ocrx_word' id='word_1_65' title='bbox 1050 1169 1189 1256; x_wconf 80' lang='grc' dir='ltr'><strong><em>τοσῆσδε</em></strong></span> <span class='ocrx_word' id='word_1_66' title='bbox 1221 1191 1313 1253; x_wconf 80' lang='grc' dir='ltr'><strong><em>γενο-</em></strong></span> 
     </span>
     <span class='ocr_line' id='line_1_9' title="bbox 177 1272 1314 1368; baseline -0.001 -24"><span class='ocrx_word' id='word_1_67' title='bbox 177 1275 276 1368; x_wconf 79' lang='grc' dir='ltr'><strong><em>μένῳ.</em></strong></span> <span class='ocrx_word' id='word_1_68' title='bbox 322 1277 410 1343; x_wconf 86' lang='lat' dir='ltr'><strong>Civil.</strong></span> <span class='ocrx_word' id='word_1_69' title='bbox 433 1277 487 1356; x_wconf 82' lang='lat' dir='ltr'><strong>lv,</strong></span> <span class='ocrx_word' id='word_1_70' title='bbox 511 1282 567 1342; x_wconf 80' lang='lat'><strong>54:</strong></span> <span class='ocrx_word' id='word_1_71' title='bbox 596 1274 614 1345; x_wconf 89' lang='grc' dir='ltr'>ὁ</span> <span class='ocrx_word' id='word_1_72' title='bbox 638 1281 772 1356; x_wconf 81' lang='grc' dir='ltr'><strong><em>Σίττιος</em></strong></span> <span class='ocrx_word' id='word_1_73' title='bbox 798 1277 852 1344; x_wconf 79' lang='grc' dir='ltr'><strong>ἐπὶ</strong></span> <span class='ocrx_word' id='word_1_74' title='bbox 875 1272 1038 1363; x_wconf 86' lang='grc' dir='ltr'><strong><em>ὀνόματος</em></strong></span> <span class='ocrx_word' id='word_1_75' title='bbox 1060 1277 1219 1364; x_wconf 79' lang='grc' dir='ltr'><strong><em>ἐγίγνετο.</em></strong></span> <span class='ocrx_word' id='word_1_76' title='bbox 1265 1277 1314 1344; x_wconf 90' lang='lat' dir='ltr'><strong>Si-</strong></span> 
     </span>
     <span class='ocr_line' id='line_1_10' title="bbox 177 1385 1315 1476; baseline 0.003 -22"><span class='ocrx_word' id='word_1_77' title='bbox 177 1389 299 1454; x_wconf 81' lang='lat' dir='ltr'><strong>militer</strong></span> <span class='ocrx_word' id='word_1_78' title='bbox 328 1411 362 1454; x_wconf 90' lang='lat' dir='ltr'><strong>ss</strong></span> <span class='ocrx_word' id='word_1_79' title='bbox 389 1387 512 1454; x_wconf 83' lang='lat' dir='ltr'><strong>habent</strong></span> <span class='ocrx_word' id='word_1_80' title='bbox 543 1389 606 1454; x_wconf 86' lang='lat' dir='ltr'><strong>loci</strong></span> <span class='ocrx_word' id='word_1_81' title='bbox 635 1389 714 1454; x_wconf 92' lang='lat' dir='ltr'><strong>Pun.</strong></span> <span class='ocrx_word' id='word_1_82' title='bbox 746 1395 804 1455; x_wconf 82' lang='lat'><strong>98:</strong></span> <span class='ocrx_word' id='word_1_83' title='bbox 834 1391 890 1456; x_wconf 84' lang='grc' dir='ltr'><strong>καί</strong></span> <span class='ocrx_word' id='word_1_84' title='bbox 920 1397 1021 1457; x_wconf 86' lang='grc' dir='ltr'><strong><em>τοῦτο</em></strong></span> <span class='ocrx_word' id='word_1_85' title='bbox 1051 1397 1187 1476; x_wconf 76' lang='grc' dir='ltr'><strong><em>πρῶτον</em></strong></span> <span class='ocrx_word' id='word_1_86' title='bbox 1210 1385 1315 1458; x_wconf 82' lang='grc' dir='ltr'><strong><em>αὐτὸν</em></strong></span> 
     </span>
     <span class='ocr_line' id='line_1_11' title="bbox 178 1497 1238 1588; baseline -0.006 -18"><span class='ocrx_word' id='word_1_87' title='bbox 178 1502 232 1570; x_wconf 79' lang='grc' dir='ltr'><strong>ἐπί</strong></span> <span class='ocrx_word' id='word_1_88' title='bbox 255 1499 353 1588; x_wconf 80' lang='grc' dir='ltr'><strong><em>δόξης</em></strong></span> <span class='ocrx_word' id='word_1_89' title='bbox 373 1501 535 1588; x_wconf 78' lang='grc' dir='ltr'><strong><em>ἐποίησεν.</em></strong></span> <span class='ocrx_word' id='word_1_90' title='bbox 581 1500 669 1567; x_wconf 75' lang='lat' dir='ltr'><strong>civil.</strong></span> <span class='ocrx_word' id='word_1_91' title='bbox 695 1501 719 1581; x_wconf 86' lang='lat' dir='ltr'><strong>l,</strong></span> <span class='ocrx_word' id='word_1_92' title='bbox 744 1507 777 1565; x_wconf 82' lang='lat'><strong>7:</strong></span> <span class='ocrx_word' id='word_1_93' title='bbox 800 1497 846 1569; x_wconf 81' lang='grc' dir='ltr'><strong>ἐπ’</strong></span> <span class='ocrx_word' id='word_1_94' title='bbox 870 1497 987 1588; x_wconf 78' lang='grc' dir='ltr'><strong><em>ἀργίας</em></strong></span> <span class='ocrx_word' id='word_1_95' title='bbox 1008 1506 1204 1570; x_wconf 75' lang='grc' dir='ltr'><strong><em>διετίθεντο.</em></strong></span> <span class='ocrx_word' id='word_1_96' title='bbox 1230 1555 1238 1564; x_wconf 87' lang='grc'><strong><em>.</em></strong></span> 
     </span>
    </p>

    <p class='ocr_par' dir='ltr' id='par_1_4' title="bbox 174 1613 1315 2241">
     <span class='ocr_line' id='line_1_12' title="bbox 283 1613 1314 1699; baseline 0.001 -21"><span class='ocrx_word' id='word_1_97' title='bbox 283 1613 362 1692; x_wconf 88' lang='grc' dir='ltr'><strong><em>Ηοο,</em></strong></span> <span class='ocrx_word' id='word_1_98' title='bbox 391 1635 463 1679; x_wconf 90' lang='lat' dir='ltr'><strong>cnm</strong></span> <span class='ocrx_word' id='word_1_99' title='bbox 493 1635 598 1697; x_wconf 93' lang='lat' dir='ltr'><strong>neque</strong></span> <span class='ocrx_word' id='word_1_100' title='bbox 630 1614 718 1698; x_wconf 90' lang='lat' dir='ltr'><strong>apud</strong></span> <span class='ocrx_word' id='word_1_101' title='bbox 747 1613 995 1696; x_wconf 78' lang='lat' dir='ltr'>Xenophontem</span> <span class='ocrx_word' id='word_1_102' title='bbox 1023 1614 1121 1679; x_wconf 89' lang='lat' dir='ltr'><strong>talem</strong></span> <span class='ocrx_word' id='word_1_103' title='bbox 1148 1615 1314 1699; x_wconf 86' lang='lat' dir='ltr'><strong>praeposi-</strong></span> 
     </span>
     <span class='ocr_line' id='line_1_13' title="bbox 176 1724 1314 1810; baseline 0 -18"><span class='ocrx_word' id='word_1_104' title='bbox 176 1726 277 1792; x_wconf 87' lang='lat' dir='ltr'><strong>tionis</strong></span> <span class='ocrx_word' id='word_1_105' title='bbox 302 1726 355 1794; x_wconf 79' lang='grc' dir='ltr'><strong>ἐπὶ</strong></span> <span class='ocrx_word' id='word_1_106' title='bbox 377 1749 471 1791; x_wconf 89' lang='lat' dir='ltr'><strong>usum</strong></span> <span class='ocrx_word' id='word_1_107' title='bbox 492 1727 671 1791; x_wconf 79' lang='lat' dir='ltr'><strong>invenerim</strong></span> <span class='ocrx_word' id='word_1_108' title='bbox 695 1732 728 1792; x_wconf 89' lang='lat' dir='ltr'><strong>et</strong></span> <span class='ocrx_word' id='word_1_109' title='bbox 748 1726 782 1791; x_wconf 91' lang='lat' dir='ltr'><strong>in</strong></span> <span class='ocrx_word' id='word_1_110' title='bbox 805 1724 1002 1810; x_wconf 74' lang='lat' dir='ltr'><strong>Thucydidis</strong></span> <span class='ocrx_word' id='word_1_111' title='bbox 1022 1726 1115 1792; x_wconf 92' lang='lat' dir='ltr'><strong>libris</strong></span> <span class='ocrx_word' id='word_1_112' title='bbox 1137 1748 1237 1792; x_wconf 93' lang='lat' dir='ltr'><strong>unum</strong></span> <span class='ocrx_word' id='word_1_113' title='bbox 1260 1749 1314 1792; x_wconf 85' lang='lat' dir='ltr'><strong>ex-</strong></span> 
     </span>
     <span class='ocr_line' id='line_1_14' title="bbox 177 1837 1315 1923; baseline 0.001 -20"><span class='ocrx_word' id='word_1_114' title='bbox 177 1843 267 1903; x_wconf 82' lang='lat' dir='ltr'><strong>stare</strong></span> <span class='ocrx_word' id='word_1_115' title='bbox 298 1838 482 1923; x_wconf 88' lang='lat' dir='ltr'><strong>exemplum</strong></span> <span class='ocrx_word' id='word_1_116' title='bbox 509 1838 742 1904; x_wconf 89' lang='lat' dir='ltr'><strong>Kuemmellius</strong></span> <span class='ocrx_word' id='word_1_117' title='bbox 773 1837 952 1904; x_wconf 88' lang='lat' dir='ltr'><strong>ostenderit</strong></span> <span class='ocrx_word' id='word_1_118' title='bbox 966 1840 990 1921; x_wconf 81' lang='lat'><strong>¹)</strong></span> <span class='ocrx_word' id='word_1_119' title='bbox 1021 1838 1215 1923; x_wconf 88' lang='lat' dir='ltr'><strong>omninoque</strong></span> <span class='ocrx_word' id='word_1_120' title='bbox 1242 1861 1315 1904; x_wconf 87' lang='lat' dir='ltr'><strong>eum</strong></span> 
     </span>
     <span class='ocr_line' id='line_1_15' title="bbox 177 1949 1314 2034; baseline -0.002 -18"><span class='ocrx_word' id='word_1_121' title='bbox 177 1949 267 2034; x_wconf 87' lang='lat' dir='ltr'><strong>apud</strong></span> <span class='ocrx_word' id='word_1_122' title='bbox 278 1950 403 2016; x_wconf 84' lang='lat' dir='ltr'><strong>Atticos</strong></span> <span class='ocrx_word' id='word_1_123' title='bbox 416 1951 541 2016; x_wconf 87' lang='lat' dir='ltr'><strong>solutae</strong></span> <span class='ocrx_word' id='word_1_124' title='bbox 558 1951 715 2016; x_wconf 89' lang='lat' dir='ltr'><strong>orationis</strong></span> <span class='ocrx_word' id='word_1_125' title='bbox 732 1951 908 2034; x_wconf 76' lang='lat' dir='ltr'><strong>scriptores</strong></span> <span class='ocrx_word' id='word_1_126' title='bbox 924 1955 1079 2034; x_wconf 84' lang='lat' dir='ltr'><strong>angustos</strong></span> <span class='ocrx_word' id='word_1_127' title='bbox 1094 1950 1175 2016; x_wconf 90' lang='lat' dir='ltr'><strong>fines</strong></span> <span class='ocrx_word' id='word_1_128' title='bbox 1192 1949 1314 2016; x_wconf 86' lang='lat' dir='ltr'><strong>habere</strong></span> 
     </span>
     <span class='ocr_line' id='line_1_16' title="bbox 174 2063 1314 2149; baseline 0.001 -22"><span class='ocrx_word' id='word_1_129' title='bbox 174 2063 394 2148; x_wconf 72' lang='lat' dir='ltr'><strong>invenerim2)</strong></span> <span class='ocrx_word' id='word_1_130' title='bbox 416 2064 502 2128; x_wconf 86' lang='lat' dir='ltr'><strong>inter</strong></span> <span class='ocrx_word' id='word_1_131' title='bbox 526 2063 714 2149; x_wconf 84' lang='lat' dir='ltr'><strong>Appianeae</strong></span> <span class='ocrx_word' id='word_1_132' title='bbox 737 2063 928 2130; x_wconf 85' lang='lat' dir='ltr'><strong>elocutionis</strong></span> <span class='ocrx_word' id='word_1_133' title='bbox 945 2063 1164 2148; x_wconf 87' lang='lat' dir='ltr'><strong>proprietates</strong></span> <span class='ocrx_word' id='word_1_134' title='bbox 1186 2084 1314 2128; x_wconf 89' lang='lat' dir='ltr'><strong>enume-</strong></span> 
     </span>
     <span class='ocr_line' id='line_1_17' title="bbox 175 2175 592 2241; baseline 0.005 -2"><span class='ocrx_word' id='word_1_135' title='bbox 175 2175 318 2240; x_wconf 89' lang='lat' dir='ltr'><strong>randum</strong></span> <span class='ocrx_word' id='word_1_136' title='bbox 341 2197 411 2241; x_wconf 88' lang='lat' dir='ltr'><strong>essa</strong></span> <span class='ocrx_word' id='word_1_137' title='bbox 434 2177 592 2241; x_wconf 83' lang='lat' dir='ltr'><strong>existimo.</strong></span> 
     </span>
    </p>
   </div>
   <div class='ocr_carea' id='block_1_3' title="bbox 177 2399 1317 3836">
    <p class='ocr_par' dir='ltr' id='par_1_5' title="bbox 283 2399 584 2466">
     <span class='ocr_line' id='line_1_18' title="bbox 283 2399 584 2466; baseline 0 -2"><span class='ocrx_word' id='word_1_138' title='bbox 283 2399 319 2464; x_wconf 92' lang='grc' dir='ltr'><strong>Β.</strong></span> <span class='ocrx_word' id='word_1_139' title='bbox 364 2400 443 2466; x_wconf 81' lang='lat' dir='ltr'><strong>Cum</strong></span> <span class='ocrx_word' id='word_1_140' title='bbox 466 2400 584 2466; x_wconf 84' lang='lat' dir='ltr'><strong>dativo.</strong></span> 
     </span>
    </p>

    <p class='ocr_par' dir='ltr' id='par_1_6' title="bbox 177 2511 1316 3608">
     <span class='ocr_line' id='line_1_19' title="bbox 282 2511 1314 2597; baseline 0.002 -21"><span class='ocrx_word' id='word_1_141' title='bbox 282 2512 401 2578; x_wconf 82' lang='lat' dir='ltr'><strong>Dativo</strong></span> <span class='ocrx_word' id='word_1_142' title='bbox 423 2511 570 2577; x_wconf 89' lang='lat' dir='ltr'><strong>additum</strong></span> <span class='ocrx_word' id='word_1_143' title='bbox 593 2514 647 2581; x_wconf 76' lang='grc' dir='ltr'><strong><em>ἐντί</em></strong></span> <span class='ocrx_word' id='word_1_144' title='bbox 675 2534 741 2577; x_wconf 90' lang='lat' dir='ltr'><strong>non</strong></span> <span class='ocrx_word' id='word_1_145' title='bbox 761 2513 842 2578; x_wconf 92' lang='lat' dir='ltr'><strong>nihil</strong></span> <span class='ocrx_word' id='word_1_146' title='bbox 870 2513 965 2578; x_wconf 91' lang='lat' dir='ltr'><strong>nobis</strong></span> <span class='ocrx_word' id='word_1_147' title='bbox 987 2512 1147 2597; x_wconf 88' lang='lat' dir='ltr'><strong>praebere</strong></span> <span class='ocrx_word' id='word_1_148' title='bbox 1170 2515 1314 2596; x_wconf 81' lang='lat' dir='ltr'><strong>cognovi,</strong></span> 
     </span>
     <span class='ocr_line' id='line_1_20' title="bbox 177 2623 1316 2709; baseline 0.002 -21"><span class='ocrx_word' id='word_1_149' title='bbox 177 2623 268 2707; x_wconf 87' lang='lat' dir='ltr'><strong>quod</strong></span> <span class='ocrx_word' id='word_1_150' title='bbox 289 2623 332 2689; x_wconf 88' lang='lat' dir='ltr'><strong>ab</strong></span> <span class='ocrx_word' id='word_1_151' title='bbox 354 2624 470 2690; x_wconf 80' lang='lat' dir='ltr'><strong>Atticis</strong></span> <span class='ocrx_word' id='word_1_152' title='bbox 494 2629 552 2690; x_wconf 88' lang='lat' dir='ltr'><strong>aut</strong></span> <span class='ocrx_word' id='word_1_153' title='bbox 570 2624 668 2708; x_wconf 87' lang='lat' dir='ltr'><strong>plane</strong></span> <span class='ocrx_word' id='word_1_154' title='bbox 692 2624 854 2690; x_wconf 85' lang='lat' dir='ltr'><strong>diversum</strong></span> <span class='ocrx_word' id='word_1_155' title='bbox 877 2630 935 2690; x_wconf 88' lang='lat' dir='ltr'><strong>aut</strong></span> <span class='ocrx_word' id='word_1_156' title='bbox 957 2625 1096 2690; x_wconf 88' lang='lat' dir='ltr'><strong>maxima</strong></span> <span class='ocrx_word' id='word_1_157' title='bbox 1119 2629 1153 2690; x_wconf 87' lang='lat' dir='ltr'><strong>et</strong></span> <span class='ocrx_word' id='word_1_158' title='bbox 1174 2625 1316 2709; x_wconf 83' lang='lat' dir='ltr'><strong>Appiani</strong></span> 
     </span>
     <span class='ocr_line' id='line_1_21' title="bbox 177 2735 1315 2821; baseline 0.003 -21"><span class='ocrx_word' id='word_1_159' title='bbox 177 2741 213 2801; x_wconf 89' lang='lat' dir='ltr'><strong>et</strong></span> <span class='ocrx_word' id='word_1_160' title='bbox 234 2735 371 2801; x_wconf 88' lang='lat' dir='ltr'><strong>aliorum</strong></span> <span class='ocrx_word' id='word_1_161' title='bbox 391 2737 608 2803; x_wconf 89' lang='lat' dir='ltr'><strong>recentiorum</strong></span> <span class='ocrx_word' id='word_1_162' title='bbox 631 2742 681 2802; x_wconf 91' lang='lat' dir='ltr'><strong>est</strong></span> <span class='ocrx_word' id='word_1_163' title='bbox 701 2738 869 2821; x_wconf 89' lang='lat' dir='ltr'><strong>proprium</strong></span> <span class='ocrx_word' id='word_1_164' title='bbox 893 2758 932 2801; x_wconf 87' lang='lat' dir='ltr'><strong>ac</strong></span> <span class='ocrx_word' id='word_1_165' title='bbox 953 2736 1127 2821; x_wconf 78' lang='lat' dir='ltr'><strong>peculiare.</strong></span> <span class='ocrx_word' id='word_1_166' title='bbox 1172 2739 1315 2804; x_wconf 88' lang='lat' dir='ltr'><strong>Primum</strong></span> 
     </span>
     <span class='ocr_line' id='line_1_22' title="bbox 177 2848 1315 2934; baseline 0 -20"><span class='ocrx_word' id='word_1_167' title='bbox 177 2849 265 2914; x_wconf 89' lang='lat' dir='ltr'><strong>anim</strong></span> <span class='ocrx_word' id='word_1_168' title='bbox 288 2848 413 2932; x_wconf 83' lang='lat' dir='ltr'><strong>aliquot</strong></span> <span class='ocrx_word' id='word_1_169' title='bbox 440 2848 591 2934; x_wconf 89' lang='lat' dir='ltr'><strong>exempla</strong></span> <span class='ocrx_word' id='word_1_170' title='bbox 622 2848 760 2934; x_wconf 85' lang='lat' dir='ltr'><strong>legimus</strong></span> <span class='ocrx_word' id='word_1_171' title='bbox 780 2850 850 2914; x_wconf 89' lang='lat' dir='ltr'><strong>eius</strong></span> <span class='ocrx_word' id='word_1_172' title='bbox 877 2871 970 2931; x_wconf 84' lang='lat' dir='ltr'><strong>usus,</strong></span> <span class='ocrx_word' id='word_1_173' title='bbox 1001 2870 1065 2934; x_wconf 91' lang='lat' dir='ltr'><strong>quo</strong></span> <span class='ocrx_word' id='word_1_174' title='bbox 1087 2851 1251 2916; x_wconf 85' lang='lat' dir='ltr'><strong>indicatur</strong></span> <span class='ocrx_word' id='word_1_175' title='bbox 1272 2849 1315 2930; x_wconf 87' lang='lat' dir='ltr'><strong>id,</strong></span> 
     </span>
     <span class='ocr_line' id='line_1_23' title="bbox 177 2961 1316 3044; baseline 0.001 -18"><span class='ocrx_word' id='word_1_176' title='bbox 177 2961 268 3044; x_wconf 84' lang='lat' dir='ltr'><strong>qnod</strong></span> <span class='ocrx_word' id='word_1_177' title='bbox 289 2961 397 3025; x_wconf 87' lang='lat' dir='ltr'><strong>Latini</strong></span> <span class='ocrx_word' id='word_1_178' title='bbox 427 2961 552 3027; x_wconf 88' lang='lat' dir='ltr'><strong>dicunt:</strong></span> <span class='ocrx_word' id='word_1_179' title='bbox 588 2983 661 3041; x_wconf 71' lang='lat' dir='ltr'><strong>„res</strong></span> <span class='ocrx_word' id='word_1_180' title='bbox 687 2983 760 3026; x_wconf 87' lang='lat' dir='ltr'><strong>cum</strong></span> <span class='ocrx_word' id='word_1_181' title='bbox 790 2962 839 3027; x_wconf 87' lang='lat' dir='ltr'><strong>ita</strong></span> <span class='ocrx_word' id='word_1_182' title='bbox 869 2984 903 3028; x_wconf 92' lang='lat' dir='ltr'><strong>se</strong></span> <span class='ocrx_word' id='word_1_183' title='bbox 931 2962 1081 3043; x_wconf 86' lang='lat' dir='ltr'><strong>habeat“‚</strong></span> <span class='ocrx_word' id='word_1_184' title='bbox 1112 2984 1171 3028; x_wconf 89' lang='lat' dir='ltr'><strong>nos</strong></span> <span class='ocrx_word' id='word_1_185' title='bbox 1201 2967 1316 3043; x_wconf 79' lang='lat' dir='ltr'><strong>„untes</strong></span> 
     </span>
     <span class='ocr_line' id='line_1_24' title="bbox 178 3072 1316 3155; baseline 0 -17"><span class='ocrx_word' id='word_1_186' title='bbox 178 3073 244 3138; x_wconf 88' lang='lat' dir='ltr'><strong>don</strong></span> <span class='ocrx_word' id='word_1_187' title='bbox 264 3072 489 3139; x_wconf 86' lang='lat' dir='ltr'><strong>obwaltenden</strong></span> <span class='ocrx_word' id='word_1_188' title='bbox 512 3073 733 3139; x_wconf 79' lang='lat' dir='ltr'><strong>Umst&#39;andent‘</strong></span> <span class='ocrx_word' id='word_1_189' title='bbox 779 3074 876 3141; x_wconf 87' lang='lat' dir='ltr'><strong>Cuius</strong></span> <span class='ocrx_word' id='word_1_190' title='bbox 905 3098 998 3155; x_wconf 85' lang='lat' dir='ltr'><strong>usus,</strong></span> <span class='ocrx_word' id='word_1_191' title='bbox 1030 3096 1103 3140; x_wconf 88' lang='lat' dir='ltr'><strong>oum</strong></span> <span class='ocrx_word' id='word_1_192' title='bbox 1134 3075 1316 3140; x_wconf 88' lang='lat' dir='ltr'><strong>Atticorum</strong></span> 
     </span>
     <span class='ocr_line' id='line_1_25' title="bbox 177 3185 1314 3272; baseline 0 -21"><span class='ocrx_word' id='word_1_193' title='bbox 177 3204 310 3268; x_wconf 89' lang='lat' dir='ltr'><strong>quoque</strong></span> <span class='ocrx_word' id='word_1_194' title='bbox 332 3206 533 3251; x_wconf 88' lang='lat' dir='ltr'><strong>communem</strong></span> <span class='ocrx_word' id='word_1_195' title='bbox 556 3207 629 3251; x_wconf 91' lang='lat' dir='ltr'><strong>eum</strong></span> <span class='ocrx_word' id='word_1_196' title='bbox 658 3207 728 3251; x_wconf 88' lang='lat' dir='ltr'><strong>esse</strong></span> <span class='ocrx_word' id='word_1_197' title='bbox 756 3187 790 3251; x_wconf 92' lang='lat' dir='ltr'><strong>in</strong></span> <span class='ocrx_word' id='word_1_198' title='bbox 812 3186 986 3272; x_wconf 83' lang='lat' dir='ltr'><strong>propatulo</strong></span> <span class='ocrx_word' id='word_1_199' title='bbox 1016 3188 1072 3266; x_wconf 88' lang='lat' dir='ltr'><strong>sit,</strong></span> <span class='ocrx_word' id='word_1_200' title='bbox 1102 3185 1251 3270; x_wconf 85' lang='lat' dir='ltr'><strong>exempla</strong></span> <span class='ocrx_word' id='word_1_201' title='bbox 1274 3207 1314 3252; x_wconf 85' lang='lat' dir='ltr'><strong>ex</strong></span> 
     </span>
     <span class='ocr_line' id='line_1_26' title="bbox 177 3297 1312 3381; baseline 0.002 -19"><span class='ocrx_word' id='word_1_202' title='bbox 177 3298 322 3381; x_wconf 83' lang='lat' dir='ltr'><strong>Appiani</strong></span> <span class='ocrx_word' id='word_1_203' title='bbox 345 3297 437 3363; x_wconf 91' lang='lat' dir='ltr'><strong>libris</strong></span> <span class='ocrx_word' id='word_1_204' title='bbox 459 3297 597 3364; x_wconf 88' lang='lat' dir='ltr'><strong>collecta</strong></span> <span class='ocrx_word' id='word_1_205' title='bbox 617 3298 754 3363; x_wconf 90' lang='lat' dir='ltr'><strong>laudare</strong></span> <span class='ocrx_word' id='word_1_206' title='bbox 774 3299 859 3378; x_wconf 81' lang='lat' dir='ltr'><strong>nolo,</strong></span> <span class='ocrx_word' id='word_1_207' title='bbox 885 3298 942 3364; x_wconf 87' lang='lat' dir='ltr'><strong>sed</strong></span> <span class='ocrx_word' id='word_1_208' title='bbox 964 3320 1004 3363; x_wconf 90' lang='lat' dir='ltr'><strong>ea</strong></span> <span class='ocrx_word' id='word_1_209' title='bbox 1017 3297 1121 3364; x_wconf 89' lang='lat' dir='ltr'><strong>solum</strong></span> <span class='ocrx_word' id='word_1_210' title='bbox 1138 3298 1312 3377; x_wconf 81' lang='lat' dir='ltr'><strong>adnotabo,</strong></span> 
     </span>
     <span class='ocr_line' id='line_1_27' title="bbox 178 3409 1315 3495; baseline 0.002 -22"><span class='ocrx_word' id='word_1_211' title='bbox 178 3429 265 3492; x_wconf 91' lang='lat' dir='ltr'><strong>qnae</strong></span> <span class='ocrx_word' id='word_1_212' title='bbox 287 3414 325 3474; x_wconf 89' lang='lat' dir='ltr'><strong>ut</strong></span> <span class='ocrx_word' id='word_1_213' title='bbox 355 3410 554 3494; x_wconf 86' lang='lat' dir='ltr'><strong>reliquorum</strong></span> <span class='ocrx_word' id='word_1_214' title='bbox 582 3410 772 3475; x_wconf 89' lang='lat' dir='ltr'><strong>recentioris</strong></span> <span class='ocrx_word' id='word_1_215' title='bbox 801 3409 933 3494; x_wconf 80' lang='lat' dir='ltr'><strong>linguae</strong></span> <span class='ocrx_word' id='word_1_216' title='bbox 962 3411 1157 3495; x_wconf 87' lang='lat' dir='ltr'><strong>scriptorum</strong></span> <span class='ocrx_word' id='word_1_217' title='bbox 1182 3411 1229 3476; x_wconf 89' lang='lat' dir='ltr'><strong>sic</strong></span> <span class='ocrx_word' id='word_1_218' title='bbox 1251 3412 1315 3494; x_wconf 82' lang='lat' dir='ltr'><strong>Ap·</strong></span> 
     </span>
     <span class='ocr_line' id='line_1_28' title="bbox 177 3521 1077 3608; baseline 0.001 -23"><span class='ocrx_word' id='word_1_219' title='bbox 177 3521 271 3605; x_wconf 85' lang='lat' dir='ltr'><strong>pieni</strong></span> <span class='ocrx_word' id='word_1_220' title='bbox 292 3523 461 3605; x_wconf 84' lang='lat' dir='ltr'><strong>proprium</strong></span> <span class='ocrx_word' id='word_1_221' title='bbox 484 3543 555 3587; x_wconf 86' lang='lat' dir='ltr'><strong>esse</strong></span> <span class='ocrx_word' id='word_1_222' title='bbox 578 3543 596 3586; x_wconf 88' lang='lat' dir='ltr'><strong>a</strong></span> <span class='ocrx_word' id='word_1_223' title='bbox 619 3523 840 3604; x_wconf 86' lang='lat' dir='ltr'><strong>grammaticis</strong></span> <span class='ocrx_word' id='word_1_224' title='bbox 859 3523 1077 3608; x_wconf 75' lang='lat' dir='ltr'><strong>intelleges3).</strong></span> 
     </span>
    </p>

    <p class='ocr_par' dir='ltr' id='par_1_7' title="bbox 178 3633 1317 3836">
     <span class='ocr_line' id='line_1_29' title="bbox 284 3633 1315 3725; baseline 0.005 -28"><span class='ocrx_word' id='word_1_225' title='bbox 284 3634 425 3718; x_wconf 84' lang='lat' dir='ltr'><strong>Appiani</strong></span> <span class='ocrx_word' id='word_1_226' title='bbox 449 3634 513 3699; x_wconf 91' lang='lat' dir='ltr'><strong>loci</strong></span> <span class='ocrx_word' id='word_1_227' title='bbox 542 3635 576 3698; x_wconf 93' lang='lat' dir='ltr'><strong>hi</strong></span> <span class='ocrx_word' id='word_1_228' title='bbox 606 3640 697 3699; x_wconf 91' lang='lat' dir='ltr'><strong>sunt:</strong></span> <span class='ocrx_word' id='word_1_229' title='bbox 730 3634 779 3700; x_wconf 88' lang='lat' dir='ltr'><strong>Ill.</strong></span> <span class='ocrx_word' id='word_1_230' title='bbox 804 3641 843 3700; x_wconf 83' lang='lat'><strong>7:</strong></span> <span class='ocrx_word' id='word_1_231' title='bbox 872 3633 997 3722; x_wconf 72' lang='grc' dir='ltr'><strong><em>Ἄγριον</em></strong></span> <span class='ocrx_word' id='word_1_232' title='bbox 1025 3635 1087 3720; x_wconf 78' lang='grc' dir='ltr'><strong>μὲν</strong></span> <span class='ocrx_word' id='word_1_233' title='bbox 1115 3635 1168 3702; x_wconf 80' lang='grc' dir='ltr'><strong>ἐπὶ</strong></span> <span class='ocrx_word' id='word_1_234' title='bbox 1194 3637 1315 3725; x_wconf 78' lang='grc' dir='ltr'><strong><em>παιδίῳ</em></strong></span> 
     </span>
     <span class='ocr_line' id='line_1_30' title="bbox 178 3742 1317 3836; baseline 0.001 -25"><span class='ocrx_word' id='word_1_235' title='bbox 178 3755 325 3836; x_wconf 75' lang='grc' dir='ltr'><strong><em>σμικρῷ,</em></strong></span> <span class='ocrx_word' id='word_1_236' title='bbox 362 3750 473 3834; x_wconf 88' lang='grc' dir='ltr'><strong><em>Πίννη</em></strong></span> <span class='ocrx_word' id='word_1_237' title='bbox 505 3742 627 3834; x_wconf 79' lang='grc' dir='ltr'><strong><em>ὄνομα,</em></strong></span> <span class='ocrx_word' id='word_1_238' title='bbox 657 3743 873 3834; x_wconf 79' lang='grc' dir='ltr'><strong><em>ἀποθνήσκει.</em></strong></span> <span class='ocrx_word' id='word_1_239' title='bbox 919 3747 989 3832; x_wconf 85' lang='lat' dir='ltr'><strong>Syr.</strong></span> <span class='ocrx_word' id='word_1_240' title='bbox 1013 3753 1070 3813; x_wconf 79' lang='lat'><strong>52:</strong></span> <span class='ocrx_word' id='word_1_241' title='bbox 1103 3743 1317 3831; x_wconf 76' lang='grc' dir='ltr'><strong><em>Ἀλεξάνδρον</em></strong></span> 
     </span>
    </p>
   </div>
   <div class='ocr_carea' id='block_1_4' title="bbox 178 3983 1317 4227">
    <p class='ocr_par' dir='ltr' id='par_1_8' title="bbox 178 3983 1317 4227">
     <span class='ocr_line' id='line_1_31' title="bbox 286 3983 1317 4056; baseline 0 -16"><span class='ocrx_word' id='word_1_242' title='bbox 286 3987 310 4056; x_wconf 87' lang='lat' dir='ltr'><strong>l)</strong></span> <span class='ocrx_word' id='word_1_243' title='bbox 329 3985 364 4042; x_wconf 82' lang='lat' dir='ltr'><strong>cf.</strong></span> <span class='ocrx_word' id='word_1_244' title='bbox 382 3987 411 4043; x_wconf 83' lang='lat' dir='ltr'><strong>G.</strong></span> <span class='ocrx_word' id='word_1_245' title='bbox 428 3987 590 4054; x_wconf 87' lang='lat' dir='ltr'><strong>Kuemmell,</strong></span> <span class='ocrx_word' id='word_1_246' title='bbox 620 3987 654 4042; x_wconf 88' lang='lat' dir='ltr'><strong>de</strong></span> <span class='ocrx_word' id='word_1_247' title='bbox 668 4001 799 4055; x_wconf 81' lang='lat' dir='ltr'><strong>praepos.</strong></span> <span class='ocrx_word' id='word_1_248' title='bbox 818 3983 864 4040; x_wconf 82' lang='grc' dir='ltr'><strong>ίκί</strong></span> <span class='ocrx_word' id='word_1_249' title='bbox 882 4001 945 4040; x_wconf 88' lang='lat' dir='ltr'><strong>cum</strong></span> <span class='ocrx_word' id='word_1_250' title='bbox 964 3986 1074 4042; x_wconf 84' lang='lat' dir='ltr'><strong>casibus</strong></span> <span class='ocrx_word' id='word_1_251' title='bbox 1089 3986 1250 4043; x_wconf 86' lang='lat' dir='ltr'><strong>coniunctae</strong></span> <span class='ocrx_word' id='word_1_252' title='bbox 1267 4002 1317 4040; x_wconf 89' lang='lat' dir='ltr'><strong>usu</strong></span> 
     </span>
     <span class='ocr_line' id='line_1_32' title="bbox 178 4071 473 4143; baseline -0.003 -16"><span class='ocrx_word' id='word_1_253' title='bbox 178 4071 366 4142; x_wconf 84' lang='lat' dir='ltr'><strong>Thucydideo,</strong></span> <span class='ocrx_word' id='word_1_254' title='bbox 384 4091 411 4143; x_wconf 86' lang='lat' dir='ltr'><strong>p.</strong></span> <span class='ocrx_word' id='word_1_255' title='bbox 433 4074 473 4127; x_wconf 82' lang='lat'><strong>16.</strong></span> 
     </span>
     <span class='ocr_line' id='line_1_33' title="bbox 284 4157 758 4227; baseline 0.006 -15"><span class='ocrx_word' id='word_1_256' title='bbox 284 4161 310 4226; x_wconf 81' lang='lat'><strong>2)</strong></span> <span class='ocrx_word' id='word_1_257' title='bbox 330 4159 365 4213; x_wconf 79' lang='lat' dir='ltr'><strong>cl.</strong></span> <span class='ocrx_word' id='word_1_258' title='bbox 386 4159 537 4227; x_wconf 82' lang='lat' dir='ltr'><strong>Rehdant&#39;z‚</strong></span> <span class='ocrx_word' id='word_1_259' title='bbox 556 4159 605 4215; x_wconf 88' lang='lat' dir='ltr'><strong>1.l.</strong></span> <span class='ocrx_word' id='word_1_260' title='bbox 624 4175 647 4215; x_wconf 88' lang='lat' dir='ltr'><strong>s.</strong></span> <span class='ocrx_word' id='word_1_261' title='bbox 660 4175 685 4216; x_wconf 84' lang='lat' dir='ltr'><strong>v.</strong></span> <span class='ocrx_word' id='word_1_262' title='bbox 705 4157 758 4216; x_wconf 64' lang='lat' dir='ltr'><strong>sat.</strong></span> 
     </span>
    </p>
   </div>
   <div class='ocr_carea' id='block_1_5' title="bbox 283 4245 755 4318">
    <p class='ocr_par' dir='ltr' id='par_1_9' title="bbox 283 4245 755 4318">
     <span class='ocr_line' id='line_1_34' title="bbox 283 4245 755 4318; baseline 0.004 -18"><span class='ocrx_word' id='word_1_263' title='bbox 283 4247 309 4318; x_wconf 77' lang='lat' dir='ltr'><strong>a)</strong></span> <span class='ocrx_word' id='word_1_264' title='bbox 329 4245 365 4304; x_wconf 79' lang='grc' dir='ltr'><strong>ιι.</strong></span> <span class='ocrx_word' id='word_1_265' title='bbox 383 4246 491 4300; x_wconf 71' lang='lat' dir='ltr'><strong>nuens.</strong></span> <span class='ocrx_word' id='word_1_266' title='bbox 510 4248 571 4315; x_wconf 75' lang='lat' dir='ltr'><strong>saa,</strong></span> <span class='ocrx_word' id='word_1_267' title='bbox 590 4248 615 4317; x_wconf 84' lang='lat' dir='ltr'><strong>a,</strong></span> <span class='ocrx_word' id='word_1_268' title='bbox 633 4245 670 4315; x_wconf 91' lang='lat'><strong>11,</strong></span> <span class='ocrx_word' id='word_1_269' title='bbox 687 4247 712 4316; x_wconf 83' lang='lat' dir='ltr'><strong>a,</strong></span> <span class='ocrx_word' id='word_1_270' title='bbox 730 4247 755 4302; x_wconf 85' lang='lat' dir='ltr'><strong>s.</strong></span> 
     </span>
    </p>
   </div>
   <div class='ocr_carea' id='block_1_6' title="bbox 0 0 1545 4916">
    <p class='ocr_par' dir='ltr' id='par_1_10' title="bbox 0 0 1545 4916">
     <span class='ocr_line' id='line_1_35' title="bbox 0 0 1545 4916; baseline 0 0"><span class='ocrx_word' id='word_1_271' title='bbox 0 0 1545 4916; x_wconf 95' lang='lat' dir='ltr'><strong> </strong></span> 
     </span>
    </p>
   </div>
  </div>
 </body>
</html>
