3074 4916
614 361 658 373 -
703 322 741 389 ῃ
787 361 831 372 -

157 497 244 578 τινὸς
274 499 309 566 ἐκ
340 507 410 566 τῶν
441 496 615 584 ἡγεμόνων
650 495 889 584 ἐπιτάγματος,
929 495 968 560 cf.
992 496 1028 576 V,
1053 501 1102 560 70.
1136 501 1196 560 104
1229 500 1288 560 etc.

157 611 249 676 Hune
270 610 399 675 dicendi
431 631 525 674 usum
547 615 585 674 ut
607 609 766 674 affirmem
793 606 948 692 exemplis
972 629 1011 673 ex
1034 609 1106 673 aliis
1128 608 1289 673 inferioris

156 724 286 807 linguae
308 722 523 807 scriptoribus
545 721 674 806 petitis,
704 721 845 806 primum
872 721 1014 785 omnium
1036 741 1156 804 ponam
1180 722 1290 786 Arris-

156 856 245 914 num,
274 857 370 917 quem
401 841 468 899 tam
491 834 680 918 frequenter
702 855 807 917 paene
837 834 885 898 uti
908 833 944 901 ἐκ
965 830 1152 916 quamius
1173 855 1289 916 eogno-

156 949 231 1030 vi¹).
277 948 325 1012 Ab
348 948 420 1027 hee,
443 969 539 1030 quem
561 947 656 1010 modo
689 947 931 1029 explicavimus,
956 946 1110 1029 loquendi
1132 968 1192 1010 usu
1215 968 1289 1030 pro-

156 1061 238 1124 xime
262 1060 382 1125 absunt
403 1060 475 1137 loei,
504 1059 622 1142 quibus
653 1059 689 1126 ἐκ
711 1058 873 1141 significet
893 1079 1025 1123 eausam
1047 1059 1097 1122 vel
1121 1060 1290 1136 rationem,

157 1193 220 1254 qua
243 1171 319 1254 quid
342 1171 500 1249 efficitur,
531 1177 567 1235 ut
599 1192 663 1236 non
692 1170 829 1236 multum
859 1169 990 1234 differat
1013 1171 1055 1236 ab
1078 1169 1145 1238 ὑπὸ
1168 1191 1194 1234 ο.
1219 1155 1289 1252 geri.

157 1289 213 1348 sut
240 1283 295 1351 διά
328 1305 354 1349 ο.
382 1305 448 1348 aee.
476 1289 534 1348 sut
565 1283 704 1366 denique
732 1304 752 1347 a
782 1283 892 1347 dative
921 1282 989 1347 solo
1020 1282 1070 1346 vel
1098 1302 1216 1347 causae
1240 1282 1289 1345 vel

156 1397 250 1461 medi.

259 1509 402 1587 Quorum
433 1530 450 1572 e
473 1527 625 1586 numero,
656 1513 694 1572 ut
715 1507 864 1572 omittam
887 1509 1045 1590 quasdem
1069 1477 1226 1572 formulas
1248 1509 1290 1571 ab

157 1621 273 1685 Atticis
295 1642 425 1703 quoque
448 1620 630 1699 adhibitas,
661 1641 745 1702 quae
777 1625 852 1684 sunt
876 1621 911 1688 ἐκ
934 1624 1055 1687 simiis:
1085 1621 1133 1684 Sr.
1159 1625 1207 1684 13.
1233 1620 1291 1684 Mi-

155 1734 218 1798 thr.
242 1739 282 1798 28
306 1738 366 1797 ete.
402 1737 460 1797 aut
489 1733 524 1800 ἐκ
547 1732 694 1800 τούτωνι
717 1730 806 1797 civil.
828 1731 874 1810 11,
901 1738 970 1796 125.
992 1732 1046 1810 IV,
1071 1738 1120 1798 53.
1145 1736 1194 1796 66.
1219 1738 1289 1811 ete,

155 1846 215 1910 hos
245 1849 372 1909 tantum
407 1865 710 1922 commemoremus
741 1845 796 1926 qui
832 1845 864 1908 in
895 1845 1033 1927 Appiani
1067 1844 1160 1908 libris
1191 1867 1289 1927 saepe

156 1957 262 2021 solent
283 1959 293 2021 i
311 1958 414 2022 erari:

260 2071 293 2150 ἐξ
315 2066 550 2156 άπογνύσεωςε
582 2067 772 2155 (μάχεσθαι)
807 2067 914 2133 Samn.
941 2074 966 2148 1,
991 2074 1018 2132 3.
1053 2069 1143 2152 Hisp.
1168 2075 1216 2133 33.
1241 2076 1291 2133 90.

157 2183 236 2245 Pun.
269 2188 319 2246 60.
350 2181 445 2245 simili
476 2203 573 2246 sensu
601 2181 679 2245 Pun.
706 2186 760 2244 19:
800 2184 850 2248 δεῖ
878 2180 982 2267 μάχης
1005 2181 1038 2261 ἐξ
1060 2179 1293 2267 ἀπογνώσεως.

156 2295 190 2374 ἐξ
213 2290 370 2377 άπορλας;
393 2294 594 2380 (λῃστεύειν)
620 2293 709 2375 Hisp.
735 2297 784 2356 72.
811 2297 880 2357 100.
902 2292 981 2356 Pun.
1006 2300 1033 2357 5.
1057 2299 1106 2356 60.
1130 2291 1293 2379 (άποθνή-

157 2408 264 2490 σκειν)
287 2405 378 2488 Hisp.
402 2410 453 2470 82.
477 2405 675 2488 (ἐνδιδόναι)
699 2405 776 2468 Pun.
793 2411 843 2469 94.
866 2404 954 2468 Civil.
972 2405 1007 2482 V,
1035 2411 1102 2468 142.
1127 2404 1293 2492 (κάμνειν)

156 2517 268 2582 Mithr.
286 2523 337 2582 99.
358 2515 560 2603 (ἡσυχάζειν)
581 2516 620 2596 ΙΙ,
637 2522 686 2581 93.
710 2516 948 2601 (κινδυνεύειν)
970 2518 1006 2594 V,
1026 2522 1095 2584 113.
1119 2524 1294 2600 praeterea

155 2630 237 2693 Pun.
264 2634 332 2694 136.
357 2629 446 2693 Civil.
467 2630 506 2707 ΙΙ,
530 2635 580 2693 67.
603 2629 655 2708 IV,
682 2635 750 2693 107.

262 2741 298 2807 ἐκ
320 2745 515 2826 προδοσίαςῑ
538 2743 672 2825 (αἱρεῖν)
703 2740 782 2805 Ραο.
811 2747 858 2805 18.
890 2740 978 2805 Civil.
1002 2742 1025 2818 Ι,
1050 2747 1101 2818 41,
1124 2747 1174 2806 42.
1205 2745 1293 2826 (συλ-

154 2858 284 2939 λαβεῖν,
311 2855 523 2939 καταλαβεῖν)
553 2852 642 2917 Givii.
666 2853 702 2931 V,
729 2857 797 2918 137.
826 2855 977 2937 (παθεῖν)
1009 2854 1050 2932 V,
1080 2859 1128 2918 26.
1158 2858 1295 2939 παραδι-

160 2963 277 3048 δόναι)
296 2964 344 3030 Ill.
370 2971 397 3029 7.
421 2966 599 3048 (ἐσελθεῖν)
623 2964 711 3029 Civil.
736 2965 760 3044 I,
783 2971 834 3031 89.
858 2971 907 3030 94.

263 3078 298 3144 ἐκ
322 3082 411 3165 βίας;
435 3074 575 3163 (άρχειν)
603 3077 672 3161 Syr.
697 3082 747 3142 41.
771 3078 860 3147 civil.
892 3078 931 3158 ΙΙ,
958 3081 1027 3143 122.
1057 3079 1113 3156 ΙΙΙ,
1136 3084 1185 3142 90.
1210 3078 1249 3142 es.
1270 3078 1293 3157 I,

153 3195 210 3254 30.
235 3189 271 3267 V,
296 3195 345 3254 72.

264 3302 297 3382 ἐξ
318 3297 480 3388 άνάνκηςι
503 3300 592 3366 civil.
615 3301 655 3381 ΙΙ,
681 3307 749 3365 127.
773 3302 827 3381 IV,
851 3308 921 3368 107.

263 3409 468 3494 ἀποθανεῖν,
499 3419 657 3480 τελευτᾶν
685 3413 720 3480 ἔκ
753 3438 859 3493 τινοςε
891 3417 941 3499 (ἐκ
966 3416 1191 3503 τοξευμάτων)
1215 3416 1293 3484 Pun.

154 3531 211 3590 34.
241 3525 291 3602 (ἐκ
320 3523 520 3611 φαρμάκων)
549 3525 657 3589 Mithr.
685 3527 828 3611 111.(ἐκ
852 3527 971 3611 νόσου)
1001 3528 1089 3594 civil.
1115 3530 1139 3608 I,
1163 3537 1213 3594 48.
1244 3533 1294 3615 (ἐκ

152 3645 223 3706 τοῦ
238 3635 440 3723 τραύματος)
460 3636 683 3716 Civi1.111‚75.
707 3639 757 3721 (ἐκ
774 3638 926 3726 καμάτου
945 3641 999 3718 ΙΙΙ,
1022 3645 1050 3705 6.
1074 3641 1120 3724 (ἐξ
1143 3638 1294 3728 ἀγνοίας)

153 3749 200 3826 ΙΙ,
224 3754 274 3814 39.

264 3861 297 3942 ἐξ
319 3862 469 3947 ἐνέδραςι
494 3864 631 3946 (παθεῖν
641 3865 686 3946 τι)
700 3864 803 3928 Hann.
818 3870 868 3929 40.
891 3863 1130 3948 (κινδυνεύειν)
1153 3866 1221 3950 Syr.
1239 3872 1296 3946 423

154 3975 193 4054 ἐξ
217 3973 327 4040 ἐλέουι
350 3976 557 4059 περισώζειν)
580 3973 668 4038 Civil.
691 3976 731 4053 II,
748 3980 816 4039 127.
843 3981 918 4058 134;
942 3977 978 4044 ἐκ
1000 3977 1291 4064 καταφρονήσεως.

266 4231 1293 4302 ηαωμωωιωειωιωωηωοωιαιω

151 4317 608 4386 πωμωωωηω
