3074 4916
645 341 915 430 -ω,-,

182 523 234 584 98.
258 513 309 597 lv,
333 519 361 582 7.
386 523 435 582 63.
457 518 589 597 V,'112.
623 522 692 582 139.
742 516 1034 594 Praetereassivil.
1056 517 1080 597 Ι,
1111 517 1169 582 88:
1200 531 1320 585 6260262

181 631 294 716 μένων
321 630 495 714 (σπειρῶν)
531 630 564 708 ές
594 631 776 697 Μέτελλον.
809 634 886 695 115ε
924 625 1030 697 αὐτὸν
1059 625 1171 698 είλκον
1200 629 1233 710 ές
1259 629 1320 698 τὸν

184 740 371 829 Πομπήιον.
402 743 456 822 ΙΙΙ,
480 747 537 807 36;
560 740 686 821 πάντας
706 741 739 820 ἐς
761 738 868 809 αὐτὸν
889 739 1041 808 ἐκάλουν.
1070 747 1130 807 48.·
1161 744 1320 810 διέσωσεν

183 855 216 932 ές
241 853 427 941 Πομπήιον.

287 968 318 1050 ο)
333 973 408 1050 post
423 945 619 1052 πρεσβεύειν
636 964 921 1052 (wammam).-
945 966 1029 1032 Gall.
1046 972 1105 1032 22:
1124 966 1321 1054 πρεσβεύειν

183 1079 216 1157 ἐς
241 1083 403 1163 Καίσαρα.
434 1079 526 1162 Hisp.
547 1084 604 1143 41:
633 1077 889 1164 πρεσβευόντων
911 1075 939 1146 δ
965 1079 998 1159 ἐς
1024 1076 1131 1148 αὐτὸν
1152 1077 1319 1148 ἁπάντων.

184 1190 283 1255 Simil.
306 1191 396 1275 Hisp.
419 1197 468 1257 79.
491 1191 602 1255 Mithr.
629 1196 676 1255 16.
701 1196 751 1255 47.
774 1195 823 1256 53.
846 1190 935 1256 civil.
957 1190 997 1270 11,
1025 1195 1094 1256 123.
1117 1192 1170 1271 IV,
1194 1198 1244 1258 47.
1270 1199 1319 1258 54.

184 1307 234 1367 82.
265 1302 302 1382 V,
326 1307 376 1366 23.
408 1341 447 1350 —
480 1302 563 1367 Gall.
597 1309 654 1368 18:
690 1299 805 1382 αὐτοῖς
834 1304 1112 1389 πρεσβευομένοις
1141 1305 1174 1383 ές
1204 1301 1319 1371 αὐτόν.

184 1414 333 1479 Sioil.1:
375 1414 599 1503 Καρχηδόνιοι
623 1411 650 1481 δ
676 1415 708 1495 ἐς
731 1423 942 1501 Πτολεμαῖον
974 1414 1225 1501 ἐπρεσβεύοντο.
1272 1415 1320 1480 Si-

184 1525 303 1591 militer
324 1527 416 1611 Hisp.
442 1534 491 1593 59.
515 1528 594 1591 Pun.
619 1533 668 1592 31.
692 1528 762 1612 Syr.
788 1533 816 1592 2.
840 1527 928 1592 Civil.
951 1527 992 1604 ΙΙ,
1016 1533 1066 1593 89.

287 1639 323 1704 Β.
355 1639 542 1704 'Translata
562 1640 651 1704 notio
674 1641 759 1705 inest
779 1639 830 1704 his
854 1639 1027 1721 exemplis:
1051 1639 1142 1723 Hisp.
1160 1645 1218 1704 83:
1243 1637 1262 1707 ὁ
1285 1643 1321 1708 δέ

183 1750 247 1836 τήν
269 1753 380 1820 αίτίαν
402 1749 516 1820 αὐτῶν
540 1752 572 1830 ἐς
596 1751 775 1839 Πομπήιον
793 1748 966 1838 ἀνέφερεν.
1012 1752 1091 1816 Pun.
1111 1757 1188 1818 115:
1211 1750 1321 1819 πάντα

184 1863 217 1942 ές
239 1851 302 1930 τὸν
323 1862 512 1951 στρατηγὸν
533 1859 778 1950 ἀναφερόμενα.
824 1864 893 1948 Syr.
910 1870 967 1929 41:
988 1862 1052 1951 τήν
1073 1866 1184 1931 αἰτίαν
1206 1864 1238 1944 ἐς
1261 1863 1323 1932 τὸν

178 1971 451 2062 Ἐπαμεινώνδαν
473 1971 709 2061 ἀναφέροντες.

286 2087 365 2152 Pun.
389 2094 446 2152 74:
476 2089 509 2167 ές
531 2089 679 2168 ἐκείνους
701 2089 763 2175 τήν
785 2091 897 2155 αίτίαν
920 2098 982 2156 τοῦ
1011 2088 1159 2175 πολέμου
1189 2089 1322 2173 περιφέ-

183 2225 308 2284 ροντες.
353 2200 463 2264 Mithr.
487 2206 544 2265 47:
577 2197 596 2268 ὃ
626 2199 693 2288 ἐγὼ
713 2201 913 2286 περιέφερον
935 2198 1023 2268 έκῶν
1044 2201 1076 2280 ἐς
1097 2198 1224 2286 μόνους
1245 2198 1324 2280 τοὺς

185 2312 399 2399 κυβερνήτας.
446 2312 535 2377 civil.
551 2312 575 2391 Ι,
600 2319 657 2378 54:
680 2310 744 2398 τήν
767 2314 802 2380 έκ
824 2322 887 2380 τοῦ
908 2312 1016 2400 νόμον
1040 2313 1096 2380 καλ
1119 2312 1221 2392 ἔθους
1243 2308 1323 2379 άπο-

184 2428 262 2508 ρίαν
284 2425 317 2504 ές
340 2423 418 2504 τοὺς
441 2423 596 2505 δικαστὰς
626 2425 827 2510 περιφέρων.
858 2425 914 2504 ΙΗ,
938 2431 975 2491 9:
1006 2423 1106 2512 τήνδε
1135 2422 1198 2511 τήν
1223 2422 1324 2511 τιμήν

183 2537 217 2616 ές
247 2534 327 2617 τοὺς
358 2541 477 2622 φίλους
510 2535 528 2605 ὁ
560 2544 690 2622 Καῖσαρ
731 2537 931 2624 περιφέρων.
967 2536 1020 2616 ΙΙΙ,
1050 2543 1106 2603 91;
1146 2534 1323 2623 ἡγεμονίας

184 2650 298 2718 ἐθνῶν
320 2645 385 2717 άπὸ
407 2658 465 2736 τής
488 2654 610 2736 βουλῆς
635 2651 667 2730 ἐς
690 2647 812 2718 ἑαυτὸν
834 2649 1067 2734 περιφέροντα.

288 2761 396 2826 Mithr.
423 2766 497 2826 121:
528 2743 581 2847 ἣν
601 2761 816 2849 (ἱερωσύνην)
843 2763 875 2841 ές
897 2759 1103 2848 Λυκομήδην
1121 2758 1324 2848 μετήνεγκεν

184 2869 251 2941 άπὸ
278 2869 460 2959 Ἀρχελάου.
505 2873 607 2938 idem:
640 2875 729 2939 civil.
753 2875 790 2954 V,
823 2880 892 2938 131.
914 2873 938 2953 Ι,
968 2878 1025 2938 22:
1055 2878 1096 2940 τὰ
1127 2871 1324 2960 δικαστήρια

183 2987 217 3065 ἐς
240 2983 319 3065 τοὺς
348 2986 465 3065 ἱππέας
496 2981 562 3054 άπὸ
591 2995 660 3054 τῶν
689 2992 884 3072 βουλευτῶν
910 2987 1100 3072 μετέφερεν.
1132 2986 1189 3064 ΠΙ,
1213 2989 1270 3050 36:
1305 2983 1323 3053 ὁ

183 3095 324 3182 στρατὸς
358 3097 390 3176 ἐς
419 3099 653 3186 Δολλοβέλλαν
683 3097 911 3186 μετενήνεκτο.
956 3098 1034 3163 ibid.
1058 3103 1115 3163 86:
1143 3123 1324 3183 μεταφερο-

181 3209 306 3296 μένους
338 3211 370 3290 ές
398 3236 433 3278 τε
464 3211 623 3297 πολέμιον
658 3220 717 3296 τῆς
750 3215 868 3298 μοίρας
895 3207 1091 3298 στρατηγόν.
1136 3209 1241 3274 Hann.
1267 3215 1323 3274 31:

181 3327 381 3408 μεταβαλεῖν
404 3312 504 3402 αὖθις
534 3324 566 3403 ἐς
583 3321 765 3409 Ῥωμαίους
787 3322 850 3410 τήν
872 3320 979 3390 πόλιν.
1020 3322 1089 3406 Syr.
1115 3327 1170 3386 14:
1199 3320 1238 3390 τὸ
1260 3320 1323 3407 γάρ

183 3433 285 3514 έδνος
308 3435 340 3515 ές
362 3461 396 3504 τε
426 3437 461 3502 σὲ
487 3444 552 3504 νῦν
578 3436 634 3502 καί
660 3436 691 3515 ἐς
716 3433 900 3521 Ῥωμαίους
929 3439 1167 3522 μεταβαλεῖται.
1215 3433 1324 3498 Mithr.

184 3552 241 3618 66:
272 3546 416 3627 πολλοὺς
443 3547 476 3627 ές
506 3545 568 3615 τὸν
589 3546 810 3635 Μιθριδάτην
839 3545 1026 3634 μετέβαλεν.
1072 3546 1160 3610 Civil.
1183 3545 1239 3624 ΙΙΙ,
1265 3551 1324 3611 79:

184 3660 218 3740 ές
241 3656 347 3728 αὐτὸν
367 3658 598 3747 μετεβάλοντο.

287 3772 357 3857 Syr.
380 3778 439 3838 48:
469 3777 734 3859 Μεσοποταμίαν
764 3773 797 3851 ές
826 3769 967 3850 έαντοὺς
996 3769 1229 3854 περιέσπασαν.
1263 3770 1324 3833 Mi·

182 3884 247 3949 thr.
263 3889 318 3948 10:
341 3883 405 3972 τήν
427 3891 590 3952 Βιθυνῶν
603 3880 710 3971 ἀρχήν
733 3882 751 3951 ὁ
775 3881 958 3970 Σωκράτης
981 3882 1013 3961 ές
1027 3879 1133 3948 αὐτὸν
1153 3882 1325 3967 περιέσπα-

184 4014 252 4064 σεν.
297 3995 386 4061 Civil.
406 3996 430 4074 I,
454 4002 510 4062 29:
535 3994 597 4083 τήν
619 4003 685 4082 μήν
710 3993 752 4075 ῶς
775 3992 886 4063 οὐκέτι
909 4001 1072 4061 Γαλατῶν
1094 3995 1127 4072 ἐς
1143 3989 1325 4080 Ῥωμαίους

182 4106 404 4192 περιεσπάκει.
433 4108 489 4186 ΙΙΙ,
516 4114 570 4173 16:
596 4112 728 4191 Συρίαν
749 4109 810 4194 μέν
832 4106 876 4193 δή
897 4108 953 4175 καὶ
977 4109 1197 4174 Μακεδονίαν
1220 4129 1324 4190 περιε·

183 4218 329 4287 σπάσατε
354 4221 386 4300 ἐς
407 4219 557 4300 ἑαυτοὺς.
