3074 4916
658 340 872 398 ,8.-

196 508 262 579 ἀπὸ
285 519 344 596 τῆς
364 517 480 588 στοᾶς,
506 506 625 592 ἑτέρως
654 507 689 574 δέ
719 515 790 586 τοῖς
810 503 876 574 ἀπὸ
899 515 957 593 τῆς
980 501 1182 591 ἀκαδημίας,
1215 503 1334 588 ἑτέρως

197 623 232 690 δέ
255 631 326 701 τοῖς
346 617 412 689 ἀπὸ
434 628 496 688 τοῦ
517 616 702 704 περιπάτου
722 652 766 674 =
787 619 882 684 aliter
899 620 984 684 enim
1006 639 1041 682 se
1063 639 1116 681 res
1138 616 1261 680 habere
1287 615 1332 679 vi-

199 734 295 798 detur
318 732 468 816 Epicure,
491 730 587 796 aliter
610 729 744 810 Stoicis,
767 731 863 796 aliter
885 729 1102 806 Academicis,
1125 727 1221 792 aliter
1243 726 1334 791 Peri-

200 843 351 928 pateticis
363 847 389 928 1)

300 955 335 1040 b)
358 954 502 1020 Similem
530 953 817 1019 circumscribendi
846 953 1006 1018 rationem
1036 957 1168 1017 secutus
1196 957 1246 1016 est
1270 951 1334 1034 Ap·

196 1066 313 1152 pianus
335 1067 369 1131 in
390 1065 524 1149 singulis
547 1065 693 1147 casibuS,
725 1087 862 1149 quorum
886 1086 970 1149 quae
993 1064 1162 1149 aptissima
1182 1062 1333 1128 videntur

198 1178 347 1264 exempla
377 1199 672 1244 commemoremus.
717 1176 760 1259 Et
790 1177 1071 1262 circumscriptum
1101 1174 1232 1259 quidem
1262 1195 1332 1238 sae·

196 1290 329 1376 pissime
350 1291 384 1354 in
406 1291 547 1375 Appiani
565 1288 658 1355 libris
682 1289 819 1372 legimus

300 1405 334 1487 α)
356 1403 556 1487 partitivum,
580 1402 636 1485 qui
659 1407 804 1482 vocatur,
827 1401 1019 1485 genetivum.
1064 1398 1212 1464 Conferri
1236 1399 1332 1463 velim

197 1515 297 1596 locos,
320 1514 439 1598 quibus
455 1518 513 1578 aut
533 1510 600 1581 ἀπὸ
623 1518 681 1578 aut
703 1514 738 1582 ἐκ
753 1513 954 1598 praepositio
970 1513 1021 1577 his
1039 1511 1333 1577 circumlocutioni-

196 1626 258 1691 bue
280 1626 424 1692 inservit.
470 1624 576 1690 Hann.
598 1630 657 1691 38:
689 1621 829 1705 οὐδενὸς
857 1622 909 1693 ἀπ’
937 1625 1075 1693 ἐκείνων
1097 1620 1188 1714 αὐτῷ
1210 1627 1333 1709 συμβα-

196 1745 268 1806 λείυ
286 1737 486 1824 δυναμένου.
530 1737 609 1803 Pun.
627 1743 661 1802 3:
684 1733 749 1806 ἀπὸ
763 1735 826 1823 γὰρ
844 1741 1050 1824 τρισμυρίων
1069 1732 1204 1821 ἀνδρῶν
1227 1731 1334 1822 ὀλίγοι

197 1849 384 1936 διέδρασαν.
437 1849 526 1916 Civil.
557 1850 581 1928 l,
614 1855 691 1915 103:
720 1845 786 1917 ἀπὸ
817 1851 853 1918 δέ
886 1859 955 1918 τῶν
985 1850 1113 1916 ἱππέων
1143 1851 1331 1933 δισχιλίους.

195 1962 254 2041 ΠΙ,
268 1967 325 2028 46:
348 1958 414 2031 ἀπὸ
435 1969 499 2030 τοῦ
517 1959 626 2048 δήμου
649 1959 688 2029 τὸ
702 1957 968 2048 ἀξιολογώτατον
985 1957 1163 2047 (ἀφίκετο).
1198 1959 1235 2038 V,
1254 1964 1331 2023 114:

196 2071 341 2153 πολλοὺς
364 2069 429 2141 ἀπὸ
452 2081 551 2159 σφῶν
572 2069 776 2153 ἀπολλύντες
804 2073 972 2156 multaque
993 2072 1067 2138 alia.
1113 2072 1250 2155 Saepius
1271 2071 1333 2135 hoo

189 2201 293 2252 'sensu
318 2184 467 2250 adhibita
484 2183 684 2268 praepositio
708 2185 743 2252 ἐκ
765 2185 942 2269 reperitur,
974 2205 1147 2249 enumero
1171 2182 1332 2266 exemplo-

196 2318 269 2362 rum
296 2295 378 2362 haec
405 2295 626 2380 proferamus:
661 2297 752 2381 Hisp.
785 2303 839 2362 63:
883 2297 919 2364 ἐκ
956 2300 1087 2383 μυρίων
1126 2297 1337 2380 ἑξακισχίλιοι

199 2408 387 2496 διέδρασαν.
432 2407 510 2473 ibid.
531 2414 589 2474 78:
612 2410 729 2476 πολλοὶ
749 2411 811 2496 μέν
833 2409 869 2477 έκ
890 2417 953 2476 τοῦ
975 2405 1127 2494 πλήθους
1150 2403 1337 2476 ἀπέθανον.
1453 2394 1461 2432 ‘⁷

100 2523 102 2528 ’
199 2520 306 2585 Hann.
324 2525 382 2586 39:
406 2519 513 2609 βραχὺ
535 2524 708 2606 πολίχνιον
730 2521 767 2588 ἐκ
788 2524 935 2588 τοσῶνδε
957 2516 1121 2588 ἀποικιῶν
1134 2518 1233 2606 μόνη.
1258 2497 1336 2582 Pun.

198 2638 259 2698 52:
282 2633 314 2712 ές
335 2630 399 2719 τὴν
419 2636 589 2720 σωτηρίαν
618 2631 681 2699 δύο
709 2642 814 2700 ταῦτα
834 2633 985 2724 Ιφέρομεν
1006 2633 1042 2700 ἐκ
1064 2630 1209 2700 πάντων.
1256 2630 1335 2695 ibid.

200 2750 280 2810 107:
303 2741 370 2814 ὁδ’
398 2742 536 2834 ἐπῄνεσε
552 2747 613 2830 μέν
638 2742 680 2824 ὡς
702 2741 975 2825 ἀξιοπιστότατον
998 2745 1033 2812 ἐκ
1053 2743 1198 2812 πάντων.
1245 2743 1335 2807 Civil.
1443 2803 1447 2816 ,

196 2856 253 2936 ΠΙ,
286 2862 343 2922 19:
381 2852 634 2942 ἀξιοτιμότατον
664 2857 700 2924 ἐκ
729 2854 866 2924 πάντων
896 2855 1079 2943 γενόμενον
1086 2887 1097 2937 ,-
1127 2856 1176 2920 ita
1206 2876 1336 2939 semper

197 2967 266 3034 fere
289 2971 365 3052 post
387 2969 620 3053 superlativum
643 2969 679 3035 ἐκ
700 2967 892 3036 πάντων-τ
907 2966 1053 3069 πάντων.
1100 2967 1139 3032 cf.
1163 2967 1251 3033 Civil.
1276 2967 1335 3046 III,
1447 2961 1450 2969 ’

198 3085 248 3146 32.
273 3085 323 3146 33.
345 3085 386 3145 34
408 3079 486 3164 (bis)
508 3084 559 3144 43.
584 3085 624 3145 54
647 3085 708 3145 etc.

300 3191 366 3256 Sed
388 3191 478 3256 haud
501 3191 568 3256 seio
591 3213 648 3271 an,
675 3196 712 3257 ut
731 3191 804 3257 fieri
826 3192 923 3273 solet,
951 3213 1016 3256 non
1038 3191 1153 3272 desint,
1177 3193 1232 3275 qui
1256 3213 1336 3256 oon-

198 3303 335 3368 tendant
355 3303 441 3368 hanc
463 3302 592 3368 dicendi
609 3304 877 3369 consuetudinem
899 3304 986 3389 apud
1002 3303 1186 3387 superiores
1205 3325 1338 3386 quoque

198 3414 374 3499 scriptores
390 3414 517 3480 Atticos
531 3415 677 3480 inveniri.
715 3417 800 3482 Sane
816 3415 947 3500 quidem
963 3417 1116 3500 leguntur
1139 3415 1226 3499 apud
1248 3415 1340 3480 hunc

197 3525 361 3592 velillum
383 3526 539 3592 nonnulla
562 3526 720 3612 exempla,
743 3529 800 3593 sed
823 3527 911 3612 quod
934 3529 1065 3612 quidem
1088 3528 1198 3606 sciam,
1222 3549 1338 3592 reeen-

196 3639 297 3703 tiores
320 3639 384 3703 hac
400 3639 437 3703 'in
467 3661 503 3704 re
532 3645 614 3704 sunt
630 3639 876 3724 frequentiores.
921 3639 1235 3723 EXenophontisl)
1258 3639 1338 3706 hist.
1430 3667 1431 3670 ¹

198 3749 314 3816 Graec.
342 3750 408 3816 tria
438 3745 542 3816 solnm
572 3751 721 3836 exempla
751 3757 827 3818 sunt
849 3751 1053 3816 adnotanda:
1084 3752 1108 3832 Ι,
1132 3757 1161 3831 2,
1184 3758 1220 3818 9:
1253 3751 1336 3821 ἀπο-
1430 3823 1435 3870 2,

302 3975 326 4042 1)
346 3973 381 4028 cf.
400 3975 443 4030 Fr.
466 3973 574 4046 Vigeri,
600 3975 634 4030 de
659 3976 781 4046 praecip.
809 3991 899 4045 graec.
925 3975 989 4031 dict.
1015 3975 1162 4030 idiotismis
1187 3973 1265 4044 liber,
1292 3978 1336 4032 ed.

198 4059 231 4117 G.
250 4060 432 4129 Hermannus,
451 4077 478 4130 p.
498 4063 558 4117 579.

299 4149 326 4217 2)
345 4146 405 4202 Ηοο
422 4147 486 4202 loco
504 4163 682 4216 praemonere
700 4148 789 4217 velim,
808 4163 951 4217 quoquae
970 4149 1005 4203 sit
1018 4149 1170 4204 Atticorum
1189 4163 1259 4216 quae
1278 4151 1336 4219 Ap·

195 4231 273 4304 pioni
292 4233 461 4289 consuetudo
480 4233 589 4288 dicendi
609 4235 719 4302 planius
737 4234 905 4302 illustretur,
935 4234 1065 4290 nonnulla
1083 4251 1191 4303 semper
1209 4237 1336 4304 exempla

196 4325 245 4376 aut
264 4334 279 4373 e
298 4319 466 4390 Thucydidis
485 4326 533 4380 aut
552 4337 567 4379 e
585 4321 777 4391 Xenophontis
801 4321 880 4376 libris
906 4322 993 4391 petita
1006 4337 1052 4379 ¹ure
1070 4336 1128 4376 esse
1147 4321 1334 4384 laudaturum.
1427 4338 1431 4347 ·
1512 4373 1532 4430 Ι,
