3074 4916
675 315 890 376 -52-

319 484 490 550 Translate
520 485 647 568 positae
681 483 931 567 praepositionis
961 483 1014 550 ἐπί
1050 487 1103 546 sat
1132 482 1236 547 multa
1265 483 1353 566 apud

215 599 400 684 Appianum
423 597 572 680 exempla
594 595 767 674 habemus,
798 593 854 660 ubi
878 595 997 660 dieitur
1020 595 1102 660 haee
1124 594 1288 679 particula
1312 596 1353 659 de

216 715 366 776 statuae
389 707 595 787 eondioione,
623 710 657 772 in
690 729 787 792 quam
818 707 889 791 quis
913 707 1028 772 incidit
1049 707 1101 772 vel
1121 712 1288 787 versatur,
1317 713 1354 773 ut

215 823 376 908 plurimae
415 822 498 886 tales
539 820 696 885 dictiones
735 818 968 885 adverbialiter
998 821 1081 885 sumi
1116 821 1250 903 possint.
1302 819 1353 884 Ad

216 955 313 1017 quem
335 955 429 999 usum
449 932 679 998 illustrandum
700 933 734 997 bi
756 932 819 997 looi
842 934 927 997 viam
950 934 1115 998 muniunt:

320 1046 410 1129 Hisp.
432 1050 487 1111 41:
511 1046 679 1132 διέμειναν
702 1047 735 1126 ές
756 1053 913 1114 πλείστου
937 1046 990 1113 ἐπὶ
1013 1041 1156 1132 είρὴνης.
1179 1045 1259 1110 ibid.
1275 1051 1352 1110 101:

217 1157 361 1246 ἤλαυνεν
392 1159 424 1238 ές
453 1155 584 1245 Ῥώμην
617 1158 672 1225 ἐπί
705 1158 827 1245 τόλμης
855 1159 910 1226 καί
938 1156 1153 1245 φρονήματος
1182 1164 1353 1244 λαμπροῦ·

216 1271 349 1340 ἑλέσθαι
370 1278 449 1348 τοῦς
479 1269 568 1355 παρὰ
599 1274 715 1354 σφίσιν
744 1271 798 1337 ίπί
820 1273 975 1357 μεγίστης
997 1267 1072 1338 τότε
1096 1267 1194 1356 δόξης
1217 1286 1353 1357 στρατη-

215 1382 305 1470 γούς.
351 1382 420 1467 Syr.
443 1388 501 1447 40:
530 1383 585 1449 καί
614 1382 647 1461 ές
676 1379 714 1450 τὸ
736 1381 952 1470 δικαστήριον
973 1378 1075 1462 αὐτὸς
1096 1389 1272 1468 παρῆλθεν
1297 1382 1351 1449 aa

216 1503 370 1583 λαμπροῦ
399 1491 571 1580 σχήματος.
617 1493 726 1560 Mithr.
750 1500 807 1561 97:
842 1499 971 1563 εἴλοντο
1002 1492 1190 1581 στρατηγὸν
1221 1495 1274 1562 ἐπὶ
1296 1503 1355 1581 τῆς

217 1606 333 1694 ὁμοίας
354 1607 513 1686 ἐξουσίας.
556 1606 635 1671 ibid.
662 1611 737 1672 116:
765 1605 841 1676 όδέ
865 1606 1108 1694 ἐθριάμβευσεν
1130 1607 1184 1674 έπὶ
1210 1614 1354 1693 λαμπρο-

216 1717 316 1807 τάτης
338 1720 394 1786 καὶ
418 1708 456 1805 ἡς
478 1714 570 1798 οὔτις
591 1717 655 1804 πρὸ
683 1728 746 1787 τοῦ
772 1718 878 1807 δόξης.
924 1719 1013 1784 civil.
1036 1720 1060 1799 Ι,
1085 1725 1143 1784 77:
1171 1717 1303 1798 Σύλλας
1324 1713 1351 1786 δ’

217 1833 270 1900 ἐπὶ
294 1829 508 1917 φρονήματος
530 1831 698 1899 ἐπέστελλε
722 1841 763 1921 τῇ
783 1837 899 1921 βουλῇ.
932 1831 973 1910 ΙΙ,
997 1837 1053 1896 36:
1083 1831 1145 1901 τὸν
1176 1829 1354 1918 Πομπήιον

218 1940 280 2012 οὐκ
301 1947 381 2012 ε’ίων
400 1943 454 2010 ἐπὶ
476 1953 535 2030 τὴς
557 1944 681 2012 ἑαυτοῦ
698 1943 833 2032 γνώμης
856 1945 1143 2031 ἐμπειροπολέμως
1166 1940 1352 2011 εὐσταθεῖν.

218 2061 275 2121 71:
299 2051 365 2124 ἀλλ’
392 2055 445 2122 ἐπὶ
467 2052 583 2142 ἀργίας
606 2056 643 2124 έν
664 2055 822 2147 Κερκύρᾳ
843 2057 1033 2143 κατέμενον,
1073 2061 1129 2121 78:
1153 2057 1208 2123 καί
1233 2053 1355 2142 τὸμὲν

212 2164 373 2236 Ἰταλικὸν
400 2165 491 2236 ἅπαν
525 2164 698 2248 εὐσταθῶς
738 2166 787 2255 ἐφ’
830 2166 966 2255 ἡσυχίας
996 2165 1155 2257 ἀκριβοῦς
1185 2164 1353 2254 ἀνέμενεν.

219 2285 298 2347 106;
322 2278 340 2348 ὁ
363 2281 399 2348 δέ
423 2286 552 2365 Καίσαρ
577 2280 609 2359 ές
630 2278 760 2368 Ῥώμην
790 2277 943 2368 ἠπείγετο
968 2282 1021 2349 ἐπὶ
1045 2280 1158 2368 φόβου
1180 2281 1236 2348 καί
1259 2278 1356 2367 δόξης

218 2397 290 2472 οίας
310 2389 353 2460 οὔ
373 2419 423 2472 τις
448 2390 513 2476 πρὸ
536 2401 607 2462 τοῦ.
651 2393 705 2472 IV,
729 2397 785 2458 37:
820 2389 866 2461 ἐπ’
891 2390 1004 2473 ἀδείας
1026 2393 1228 2474 ἐξέπλευσεν.
1277 2398 1354 2457 10οε

217 2506 273 2572 καὶ
301 2504 354 2572 έπί
384 2512 501 2592 σχολῆς
532 2503 703 2591 ἐκτρύχειν
728 2504 807 2586 τοὺς
836 2511 1015 2593 πολεμίους
1037 2513 1130 2597 λιμῷ.
1175 2506 1213 2585 V,
1237 2508 1293 2571 90:
1324 2507 1357 2571 οἱ

218 2613 245 2685 δ’
270 2615 320 2701 ἐφ’
345 2614 482 2704 ἡσυχίας
501 2618 689 2704 παρέμενον
710 2620 766 2685 καὶ
793 2616 832 2686 τὸ
861 2617 975 2687 δεινὸν
1004 2615 1222 2704 ἐκδεχόμενοι.
1266 2616 1356 2680 Pler-

217 2750 337 2812 umque
358 2729 436 2808 hoo,
468 2729 555 2813 quod
577 2731 762 2813 quaeritur,
794 2731 923 2795 dicendi
938 2812 940 2816 ι
955 2752 1056 2814 genus
1086 2728 1260 2794 exhibetur
1282 2734 1357 2813 post

218 2847 309 2907 certa
340 2840 501 2925 quaedam
531 2842 632 2907 verba
664 2843 752 2908 velut
790 2841 892 2922 είυαι,
924 2847 1102 2930 γίγνεσθαι
1131 2849 1202 2922 etc,
1238 2864 1256 2907 e
1285 2843 1356 2926 qui-

216 2953 279 3019 bus
310 2975 501 3037 suspensam
529 2955 804 3038 praepositionem
830 2956 867 3024 ἐν
891 2955 1000 3039 potius
1030 2955 1201 3038 ursurpari
1224 2975 1356 3038 exspec-

221 3067 358 3131 laveris:

322 3180 355 3262 a)
383 3183 458 3262 post
489 3177 590 3248 είυαι,·
623 3179 713 3264 Hisp.
737 3186 791 3246 32:
822 3181 878 3248 καὶ
905 3180 1039 3267 Μάγων
1070 3181 1132 3266 μέν
1160 3180 1213 3248 ἐπὶ
1239 3175 1357 3266 ἀργίας

219 3279 270 3377 ἡν.
315 3290 417 3355 idem:
440 3290 528 3355 civil.
553 3292 576 3372 I,
600 3298 648 3358 19.
676 3299 745 3358 110.
768 3293 860 3376 Hisp.
885 3299 943 3357 32:
970 3291 1032 3379 τὴν
1056 3290 1156 3360 πόλιν
1178 3291 1357 3375 ἀπέτρεψεν

219 3403 269 3470 {vt
290 3411 359 3470 τῶν
382 3408 604 3471 Καστακαίων
633 3405 686 3472 έπὶ
714 3404 812 3492 δόξης
834 3401 907 3473 όντι
928 3401 1068 3491 ἀγαθῆς.
1112 3403 1214 3469 idem:
1247 3402 1356 3467 Mithr.

220 3522 269 3582 94.
292 3515 384 3598 Hisp.
408 3521 463 3580 36:
494 3511 544 3600 ἐφ’
578 3513 715 3601 ἡσυχίας
745 3507 787 3604 ἡν
818 3525 1033 3602 σκυθρωποῦ.
1078 3517 1183 3581 Hann.
1212 3521 1270 3580 43:
1301 3515 1358 3596 καὶ

220 3628 273 3694 έπὶ
301 3637 433 3715 τρυφῆς
462 3617 504 3714 ἡν
532 3623 574 3696 οὐ
604 3627 784 3715 συνήθους,
829 3628 932 3694 idem:
962 3629 1052 3694 civil.
1074 3630 1099 3709 l,
1124 3633 1193 3693 113.
1227 3627 1276 3693 ΙΙΙ.
1300 3632 1357 3692 22:

220 3736 303 3806 όθεν
333 3729 418 3826 ἡσαν
448 3741 501 3808 ἐπί
531 3739 746 3828 φρονήματος
776 3744 809 3808 oi
839 3747 1051 3828 Σεγεστανοί.
1097 3741 1166 3826 Syr.
1190 3746 1225 3806 3:
1255 3736 1358 3820 ἀυτὸς

220 3851 273 3918 ἐπὶ
303 3859 421 3939 σχολὴς
450 3849 505 3921 ών.
550 3852 659 3918 Mithr.
690 3859 768 3920 109:
797 3849 895 3939 ἀνδρί
923 3850 974 3921 ἀπ’
1008 3851 1164 3941 οὐδεμιᾶς
1193 3849 1359 3933 ἀξιώσεως

220 3960 301 4031 όντι.
348 3963 579 4046 0ivil.11,25:
612 3965 760 4051 ἐτέχναζε
791 3967 827 4034 δέ
849 3966 902 4034 ἐπὶ
923 3966 1097 4053 δυνάμεως
1117 3964 1210 4035 είναι.
1257 3965 1357 4030 Simil.

220 4075 257 4156 V,
281 4082 309 4156 2,
336 4076 372 4156 V,
395 4082 471 4142 126:
498 4074 547 4162 ἐφ’
575 4066 679 4162 οὗπερ
703 4067 745 4165 ἡν
768 4077 941 4165 σχήματος.
985 4079 1045 4144 His
1074 4079 1154 4144 loois
1178 4079 1276 4144 etiam
1300 4077 1359 4142 ad·

220 4189 455 4255 numerandum
478 4196 543 4270 est,
565 4190 653 4274 quod
673 4189 810 4273 legimus
842 4189 930 4257 Civil.
946 4191 986 4270 II,
1012 4197 1070 4258 67:
1093 4201 1162 4260 τῶν
1186 4186 1236 4261 εντ’
1264 4186 1359 4270 ἀξιώ-
