3074 4916
701 395 911 456 ..10-

239 564 405 648 Appianas
427 583 544 646 magna
567 585 607 628 ex
627 569 722 648 parte
745 565 915 648 usurpavit
937 564 1014 645 λικε,
1044 563 1220 647 dequibus
1244 566 1371 647 quaeri-

188 734 193 742 .
236 681 291 740 tur
312 677 587 760 praepositiones,
619 676 710 741 cuius
732 697 810 742 usus
834 675 982 760 exempla
1004 678 1094 761 (sunt
1116 681 1226 742 autem
1250 676 1284 740 in
1306 677 1371 760 Ap-

124 785 129 794 ’
236 789 325 872 pieni
347 788 439 853 libris
450 789 484 872 1),
505 788 578 872 plus
603 809 700 872 quam
723 787 864 852 ducenta
882 787 1014 873 (afferre
1037 789 1121 869 nolo,
1145 810 1217 853 cum
1238 810 1290 853 res
1312 809 1371 872 per

237 922 271 965 se
292 905 415 984 pateat.
459 901 508 965 De
531 900 601 965 aliis
620 900 721 965 dativi
739 900 912 983 generibus
935 900 1023 966 velut
1046 900 1111 965 dat.
1126 921 1253 980 causae,
1274 901 1371 980 modi,

235 1005 443 1077 instrumenti
468 1018 527 1077 etc.
551 1013 616 1077 alio
639 1013 711 1077 loco
734 1033 785 1076 me
811 1012 1053 1096 disputaturum
1075 1034 1146 1081 csse
1169 1033 1293 1078 moneo.

321 1127 355 1211 γ)
378 1124 564 1190 Accusativi
586 1144 661 1190 vero
688 1125 926 1208 circumscripti
941 1125 1097 1209 exempla,
1121 1147 1205 1209 quae
1219 1125 1370 1209 frequen·

234 1236 361 1302 tissima
384 1237 492 1302 omnia
515 1257 705 1301 enumerare
727 1236 860 1320 longum
884 1242 949 1317 est,
979 1259 1086 1322 pauca
1108 1237 1213 1303 solum
1237 1238 1364 1303 adnoto·

235 1370 315 1413 mus.
361 1349 446 1414 Sicil.
471 1355 505 1414 7:
536 1347 748 1435 ἁρμόσασθαι
764 1348 893 1432 ἑαυτὸν
924 1350 956 1429 ές
984 1358 1137 1436 γυναῖκα.
1182 1349 1287 1415 Ηιιυα.
1313 1355 1369 1415 32:

235 1457 325 1528 τὰδ’
358 1459 451 1540 ἐκτὸς
480 1457 522 1540 ὡς
543 1457 586 1528 έν
617 1461 649 1540 ές
677 1459 860 1548 κυνηγέτας
889 1461 1160 1548 ἐσκευασμένους.
1205 1462 1294 1526 Civil.
1317 1461 1370 1542 lv,

235 1577 293 1637 40:
317 1573 349 1651 ές
371 1569 543 1658 ἀνθρακέα
565 1571 750 1640 ἐσκεύασεν.
797 1571 953 1637 Similiter
964 1573 1017 1650 IV,
1037 1580 1086 1639 45.
1101 1578 1142 1637 46
1165 1572 1252 1658 (bis).
1298 1573 1371 1638 Huc

235 1703 364 1767 quoque
395 1684 536 1750 fortasse
564 1690 706 1768 spectat,
738 1685 826 1768 quod
854 1684 991 1769 legimus
1017 1684 1071 1765 IV,
1095 1691 1153 1752 45:
1177 1687 1209 1766 ἐς
1233 1703 1370 1773 στρατη.

234 1805 299 1881 γοῦ
324 1805 431 1884 σχῆμα
453 1794 620 1884 κοσμήσας
643 1795 773 1864 ἑαυτόν.
814 1797 905 1881 Hisp.
925 1803 980 1863 54:
1015 1795 1223 1885 πεντήκοντα
1246 1794 1371 1883 ἄνδρας

235 1909 267 1988 ές
289 1906 397 1996 ὅμηρα
420 1910 602 1995 (δοθῆναι).
648 1909 731 1973 Mac.
756 1914 805 1988 18,
830 1916 865 1974 2:
899 1907 916 1978 ὁ
950 1910 985 1978 δὲ
1008 1909 1175 1997 χλαμύδας
1197 1910 1258 1997 μέν
1278 1936 1370 1990 τινας

234 2018 374 2108 ἐπήγετο
397 2023 452 2088 καὶ
474 2021 589 2102 ψέλλια
612 2031 717 2106 χρυσᾶ
743 2023 798 2090 καὶ
820 2025 942 2101 ἵππους
965 2022 997 2101 ἐς
1019 2020 1150 2106 δωρεὰν
1172 2032 1242 2102 τοῖς
1269 2020 1368 2110 ἡγου-

233 2133 352 2217 μένοις.
399 2132 487 2197 Civil.
510 2133 565 2212 ΙΙΙ,
590 2138 646 2197 23:
678 2133 710 2212 ἐς
738 2134 842 2219 λύτρα
872 2131 938 2202 ὑπὸ
962 2138 1195 2220 σμικρολογίας
1225 2132 1287 2202 δύο
1316 2134 1369 2201 τά·

233 2250 337 2310 λαντα
360 2244 543 2331 ἐπεπόμφει
566 2250 598 2309 et
621 2245 694 2310 alia.
741 2247 777 2311 In
799 2247 849 2310 his
865 2245 1030 2330 exemplis,
1054 2246 1165 2329 qualia
1179 2252 1254 2311 sunt
1276 2267 1295 2311 a
1318 2269 1369 2311 me

223 2355 372 2439 prolata,
395 2357 526 2421 nomina
549 2357 637 2442 apud
652 2357 835 2442 Appianum
862 2358 1193 2442 epraepositionibus
1213 2381 1370 2442 suspensa

234 2466 314 2532 alias
335 2468 567 2552 praedicative,
594 2470 622 2535 si
643 2469 691 2534 ita
709 2469 816 2535 dicere
833 2470 918 2550 licet,
941 2471 1086 2535 construi
1108 2491 1202 2535 nemo
1225 2471 1368 2554 negabit.

232 2580 302 2643 Iam
325 2586 505 2664 sequuntur
526 2580 606 2662 loci,
639 2581 757 2665 quibus
786 2583 884 2648 aliam
906 2584 971 2647 vim
993 2583 1171 2648 accusativi
1191 2604 1250 2666 per
1273 2605 1368 2667 prae-

232 2691 427 2773 positionem
463 2693 494 2773 ές
528 2694 750 2759 circumscribi
782 2694 976 2778 videmusl).
1021 2694 1112 2779 Hisp.
1148 2701 1204 2760 46:
1245 2696 1276 2774 ἐς
1306 2693 1369 2782 την

232 2802 383 2890 κεφαλὴν
418 2809 504 2897 λίθῳ
538 2805 669 2898 μεγάλῳ
707 2810 948 2874 καταπίπτοντι
979 2811 1123 2894 πληγείς.
1170 2807 1278 2872 Mithr.
1307 2813 1368 2873 88:

232 2915 399 3004 πληγέντα
421 2921 507 3008 λίθῳ
530 2944 564 2985 τε
590 2918 621 2998 ές
644 2917 682 2987 τὸ
704 2919 798 3006 γόνυ.
844 2918 999 2984 Similiter
1018 2919 1110 3002 Hisp.
1135 2926 1184 2985 56.
1219 2919 1368 2999 Civil.11‚

234 3034 283 3093 95.
328 3028 407 3092 Puu.
430 3035 488 3094 46:
517 3031 549 3109 ἐς
579 3034 639 3099 τὸν
668 3035 828 3117 βραχίονα
852 3031 993 3118 ἐτρώθη.
1039 3031 1127 3096 civil.
1148 3033 1172 3110 1,
1195 3036 1254 3096 43:
1287 3056 1368 3116 τρω-

233 3140 306 3219 ειις
330 3141 361 3220 ες
383 3139 445 3227 τὴν
468 3141 627 3228 repara.
674 3141 830 3207 simfliter
852 3142 940 3208 ono.
965 3144 989 3222 1,
1013 3148 1083 3212 no.
1123 3123 1235 3223 uec.

335 3252 444 3317 Etiam
466 3253 568 3319 multo
591 3254 709 3319 clarius
732 3255 794 3319 hoc
817 3255 943 3334 evadat,
966 3255 993 3319 si
1015 3260 1186 3338 sequentes
1206 3255 1295 3319 locos
1317 3276 1368 3319 re-

233 3364 360 3447 spicias,
384 3365 440 3430 ubi
462 3371 536 3450 post
558 3367 660 3431 verba
683 3365 786 3450 sicar,
808 3371 985 3455 γίγνεσθαι
1009 3388 1082 3432 cum
1105 3367 1264 3433 adiectivo
1289 3388 1367 3450 quo·

233 3475 307 3540 dam
340 3478 513 3542 coniuncta
550 3484 729 3562 usurpatur
766 3479 848 3544 haec
879 3478 1079 3563 praepositio
1114 3484 1189 3543 ante
1221 3481 1367 3544 neutrius

233 3589 359 3670 generis
383 3590 544 3655 adiectiva
567 3591 758 3674 plerumque
787 3592 820 3654 in
842 3591 962 3674 plurali
984 3612 1118 3656 numero
1136 3591 1252 3674 posita,
1276 3593 1368 3656 cuius

231 3700 302 3764 loco
325 3722 449 3766 merum
473 3703 693 3766 accusativum
716 3702 872 3767 adhibere
889 3703 1104 3787 scriptoribus
1128 3702 1245 3793 Atticis
1267 3705 1367 3768 usita-

231 3816 300 3876 tum
327 3811 389 3878 fuit
401 3813 437 3898 ³).
482 3815 589 3879 Samn.
619 3820 645 3894 1,
669 3821 705 3879 2:
733 3812 779 3902 μη
806 3811 868 3882 οὐδ
897 3812 915 3883 ὁ
944 3817 1029 3894 ’ίδιος
1058 3810 1148 3906 αὐτῷ
1174 3813 1312 3902 στρατὸς
1336 3816 1368 3895 ἐς

337 4039 361 4106 1)
382 4037 594 4094 Animadvertas
613 4039 685 4106 apud
705 4039 861 4108 Appianum
879 4039 946 4093 satis
961 4037 1120 4106 frequenter
1139 4037 1271 4093 admissas
1291 4053 1368 4106 prae-

231 4122 380 4190 positiones
399 4121 449 4178 σιλν
467 4132 495 4180 et
512 4122 588 4194 μετά,
608 4125 668 4180 vids
689 4141 772 4195 supra
790 4141 881 4179 earum
902 4131 1074 4180 enumeratos
1091 4124 1168 4179 locos
1186 4142 1213 4193 p.
1233 4127 1256 4180 5.

335 4212 360 4280 2)
379 4210 480 4279 Krucg.
499 4213 542 4280 46,
560 4216 604 4266 4..
621 4211 727 4267 Kuehn.
747 4214 807 4280 410,
826 4213 850 4266 6.

332 4298 361 4366 3)
386 4295 421 4352 cf.
447 4298 549 4368 Krueg.
578 4301 621 4368 46,
647 4297 873 4355 tadntctb.
918 4297 1025 4354 Kuehn.
1052 4299 1146 4366 llas
1173 4296 1273 4353 admo
1296 4299 1366 4351 et6
1475 4273 1497 4344 ¹,

230 4383 293 4444 adu.
314 4385 354 4440 16.
