3074 4916
665 331 881 394 ...50-

204 501 352 567 additum
376 501 427 566 bis
455 505 611 584 quattuor
635 500 812 583 Appianeis
842 498 937 564 loeis:
966 497 1058 583 Hisp.
1084 503 1140 565 18:
1171 500 1341 588 ἐσεμνολό-

204 630 307 702 γησεν
329 608 416 700 ἀμφί
445 638 480 680 τε
509 621 571 680 τοῦ
599 610 725 698 πατρός
752 612 808 679 καὶ
837 607 923 697 ἀμφὶ
953 619 1016 678 τοῦ
1035 615 1143 679 θείου.
1189 611 1278 676 Civil.
1300 612 1340 690 ΙΙ,

205 732 261 792 23:
295 723 312 795 ὁ
345 723 520 813 Πομπήιος
551 719 639 812 ἀμφὶ
674 723 736 811 μὲν
768 732 831 792 τοῦ
858 726 1027 808 Καίσαρος
1067 719 1255 810 ἠγανάκτει.
1284 724 1340 802 ΙΙΙ,

205 845 244 904 17
255 861 262 903 :
292 838 348 906 καὶ
375 836 453 905 τάδε
480 837 542 924 μὲν
570 833 657 923 ἀμφὶ
686 833 827 904 τούτων.
873 836 910 915 V,
942 840 1020 902 134:
1052 832 1071 903 ὁ
1100 836 1136 904 δὲ
1167 831 1340 916 Ἀντώνιος

203 949 396 1037 πυθόμενος
417 949 479 1037 μὲν
502 944 606 1027 εὐθὺς
628 946 714 1035 ἀμφὶ
737 956 799 1016 τοῦ
822 949 1011 1034 Πομπηίον.

307 1061 445 1126 Omnino
470 1081 504 1125 se
535 1080 733 1144 magnopere
759 1057 957 1124 abstinuisse
986 1059 1137 1125 videntur
1165 1059 1340 1142 scriptores

203 1173 304 1238 Attioi
325 1173 388 1238 heo
409 1172 573 1256 particula
594 1193 668 1237 oum
698 1172 845 1256 genetivo
868 1170 1040 1252 socianda,
1067 1193 1165 1255 quam
1188 1172 1221 1235 in
1243 1171 1340 1254 pede-

204 1285 263 1350 stri
286 1285 469 1351 Atticorum
492 1284 639 1350 oratione
661 1284 715 1348 vix
737 1283 900 1368 reperias3
932 1304 1009 1348 nam
1031 1283 1095 1349 duo
1118 1284 1232 1364 solum,
1256 1304 1340 1366 quae

203 1396 301 1462 affert
322 1397 510 1481 Kruegerus
522 1397 547 1480 ¹)
578 1395 726 1480 exempla
749 1395 836 1480 apud
859 1395 1108 1480 Xenophontem
1130 1396 1276 1479 legimus,
1300 1395 1339 1462 cf.

203 1511 274 1594 Cyr.
305 1509 397 1575 educ.
425 1509 483 1590 111,
508 1515 535 1589 1,
559 1513 587 1574 8.
618 1529 689 1593 exp.
720 1507 790 1593 Cyn.
812 1508 866 1588 IV,
890 1515 918 1588 5,
943 1514 991 1572 17.
1036 1508 1192 1573 Similiter
1214 1529 1283 1572 rem
1305 1529 1340 1572 se

203 1621 326 1687 habere
347 1619 473 1686 videbis
494 1620 528 1686 in
551 1619 668 1686 dativo.

306 1735 343 1798 B.
388 1733 467 1800 Cum
490 1732 609 1798 dativo.

306 1847 424 1912 Dativo
452 1845 537 1912 anim
567 1842 755 1911 adiunctum
785 1840 872 1932 ἀμφὶ
901 1844 935 1908 in
956 1845 1097 1928 Appiani
1125 1843 1220 1910 libris
1243 1846 1336 1928 quin-

203 1959 295 2043 quies
324 1958 431 2024 decies
462 1962 586 2038 exstat,
628 1956 716 2040 quod
754 1957 841 2040 apud
871 1957 998 2022 Atticos
1030 1977 1148 2040 prosae
1182 1958 1339 2022 orationis

204 2072 382 2154 scriptores
404 2069 528 2135 frustra
550 2089 690 2153 quaeres
700 2069 737 2154 2).

306 2185 339 2267 a)
363 2183 474 2247 Looali
490 2183 621 2246 notione
637 2180 779 2265 praediti
796 2184 872 2246 sunt
886 2180 920 2244 hi
935 2180 1014 2246 looi:
1030 2181 1135 2246 Hann.
1147 2188 1202 2247 17:
1226 2182 1339 2267 ἐστρα-

202 2296 387 2363 τοπέδευον
408 2290 495 2382 ἀμφὶ
517 2291 612 2381 νείμῃ
636 2297 711 2362 τινί.
756 2291 937 2358 ΜίΙΙΠ.65;
966 2294 1022 2361 καὶ
1053 2289 1158 2373 εὐθὺς
1179 2290 1268 2380 ἀμφὶ
1290 2303 1337 2386 to*

202 2416 341 2498 ποταμῷ
354 2405 441 2493 μάχη
456 2409 604 2493 γίγνεται
622 2403 776 2492 καρτερά.
807 2405 935 2485 civiti,
953 2411 1010 2470 5οε
1036 2406 1170 2491 ἑτέρους
1193 2406 1339 2474 ἔκτεινεν

202 2518 289 2608 ἀμφὶ
309 2529 379 2599 τοῖς
400 2521 549 2604 τείχεσιν.
594 2517 635 2597 ΙΙ,
663 2523 741 2582 118:
772 2513 861 2600 ἀπφὶ
891 2519 927 2585 δὲ
956 2513 1048 2609 αὐτῷ
1076 2521 1222 2604 Καίσαρι
1244 2536 1339 2604 orpor-

202 2627 358 2699 τιωτικὸν
385 2630 447 2719 μὲν
478 2625 541 2698 οὐκ
572 2619 622 2716 ἢν.
667 2630 723 2710 ΠΙ,
748 2633 803 2694 66:
834 2635 890 2697 uret
919 2628 1005 2710 roibe
1026 2631 1088 2716 μὲν
1111 2618 1154 2715 ἦν
1183 2629 1270 2719 ἀμφὶ
1297 2639 1338 2720 τῇ

202 2746 371 2828 Μουτίνῃ.
415 2742 506 2807 Alios
526 2742 615 2807 locos
642 2748 736 2826 petas
760 2762 778 2806 e
799 2741 878 2807 Pun.
904 2747 932 2806 3.
956 2742 1044 2807 Civil.
1067 2742 1091 2822 Ι,
1116 2747 1187 2807 109.
1208 2742 1262 2822 IV,
1287 2747 1337 2806 46.

204 2860 254 2920 77.
278 2859 328 2920 sn.
354 2859 424 2920 roa
448 2853 485 2934 v,
508 2860 559 2919 sa.
583 2853 668 2939 98³).
1355 2881 1358 2886 ·

305 2967 340 3050 b)
364 2965 420 3029 Bis
440 2965 560 3049 legitur
590 2963 676 3053 ἀμφὶ
704 2965 865 3030 translata
895 2964 1149 3049 significatione:
1185 2964 1274 3031 Oivss.
1296 2965 1337 3043 11,

203 3085 239 3144 6:
271 3079 327 3146 καὶ
352 3073 370 3146 ὁ
395 3078 549 3163 Κικέρων
574 3076 692 3158 δεδιὼς
723 3074 810 3164 ἀμφὶ
838 3086 879 3166 τῇ
908 3079 1006 3144 νυκτὶ
1028 3076 1231 3165 προσιούσῃ’
1260 3077 1338 3142 ibid.

205 3197 261 3256 77:
284 3188 522 3284 κινδυνεύετον
544 3186 631 3277 ἀμφὶ
653 3199 694 3280 τῇ
718 3189 910 3283 omanem).

240 3361 243 3366 .
305 3302 338 3368 C.
383 3302 462 3367 Cum
481 3304 675 3368 accusativo.

278 3437 281 3444 ’
305 3413 529 3498 Amplissimos
548 3414 628 3480 fines
653 3413 776 3479 habere
801 3413 909 3478 inveni
934 3415 1164 3479 accusativum.
1212 3415 1276 3478 Sed
1304 3413 1338 3478 in

201 3527 264 3592 hao
285 3546 414 3610 quoque
435 3548 480 3607 re,
505 3532 542 3591 ut
563 3527 642 3591 mihi
664 3525 809 3605 videtur,
836 3526 1005 3609 Appianus
1034 3527 1133 3610 paulo
1155 3527 1339 3591 Atticorum

201 3639 333 3704 modum
363 3659 513 3723 egressus
543 3645 601 3704 est.
655 3638 785 3703 Etenim
815 3659 888 3702 oum
919 3634 1005 3724 ἀμφὶ
1028 3644 1146 3721 quarto
1168 3639 1258 3704 casui
1280 3639 1339 3702 ad-

201 3751 322 3815 iectum
345 3751 536 3834 plerumque
562 3751 666 3816 soleat
690 3751 768 3835 poni
797 3751 830 3814 in
851 3749 991 3814 formula
1022 3753 1056 3816 ot
1075 3746 1163 3837 ἀμφί
1183 3777 1257 3818 τινα
1280 3757 1341 3816 aut

202 3862 245 3927 ad
267 3868 396 3946 tempus
425 3863 476 3928 vel
505 3884 674 3929 numerum
704 3861 923 3928 denotandum
951 3865 1009 3927 aut
1035 3883 1233 3946 quamquam
1260 3885 1340 3928 raro

307 4073 331 4137 1)
351 4070 386 4124 of.
407 4069 450 4138 68,
469 4070 510 4139 30,
529 4069 590 4124 adn.
613 4071 636 4122 l.
701 4061 704 4068 ’

304 4158 330 4224 2)
349 4154 384 4210 of.
403 4155 504 4224 Krueg.
524 4157 567 4224 68,
586 4158 626 4223 31,
647 4155 709 4210 adn.
729 4157 753 4210 2.

299 4244 330 4312 ’3)
350 4243 385 4298 ef.
403 4246 467 4298 Arr.
486 4257 549 4311 exp.
567 4241 644 4298 Alex.
664 4241 686 4310 1,
705 4243 748 4296 22.
768 4239 816 4293 111.
838 4241 879 4308 14,
898 4239 989 4308 ΙἿ,1,
1009 4244 1049 4296 10.
1177 4271 1180 4278 ·

305 4331 330 4397 4)
351 4328 386 4383 cf.
405 4331 467 4383 Arr.
487 4344 549 4396 exp.
568 4328 648 4382 Alex.
668 4327 703 4395 11,
722 4329 748 4395 3,
765 4329 790 4383 8.
810 4327 861 4395 111,
880 4329 922 4380 30.
941 4326 974 4394 V,
993 4329 1017 4381 o.
