3074 4916
633 303 851 370 -41-

171 479 312 568 μάλιστα
341 487 410 546 τῶν
443 475 589 546 ὑπάτων.
635 476 807 542 Similiter:
839 475 927 542 civil.
956 477 981 554 Ι,
1017 482 1066 542 33.
1094 476 1150 556 Ill,
1173 482 1222 542 30.
1256 479 1309 558 IV,

173 599 225 658 88.
249 592 286 671 V,
311 597 381 656 125.
404 627 447 640 -
470 588 579 654 Mithr.
600 593 660 655 48:
687 591 742 658 καὶ
770 590 802 670 ἐς
824 593 936 658 πίστιν
957 586 1024 657 ἀπὸ
1045 593 1142 678 κλίνη
1163 591 1230 657 τινὶ
1251 615 1310 657 πα-

172 703 375 790 ρεσκεύασεν
397 699 539 771 ἀκοῦσαι
561 711 624 770 τοῦ
638 706 853 782 Μνννίωνος.
899 701 988 767 Civil.
1004 702 1028 781 Ι,
1047 708 1104 768 38:
1127 703 1183 771 καί
1202 700 1310 790 ὅμηρα

172 816 357 902 διέπεμπον
387 815 419 895 ἐς
448 818 560 883 πίστιν
588 810 749 900 ἀλλήλοις.
795 813 966 880 Similiter:
998 813 1067 899 Syr.
1093 819 1141 880 13.
1173 813 1262 880 civil.
1286 815 1310 895 Ι,

173 935 225 994 44.
248 929 288 1008 ll,
313 933 383 993 146.
405 928 459 1006 lv,
480 930 528 992 16.
551 927 588 1006 V,
606 933 656 992 70.
679 927 770 1012 Hisp.
792 931 871 993 101:
894 927 950 995 καί
972 924 1100 1014 βουλὴν
1122 936 1192 996 τῶν
1214 929 1312 995 ἰδίων

174 1045 286 1128 φίλων
314 1041 347 1120 ἐς
375 1043 503 1127 μίμημα
527 1048 586 1127 τῆς
614 1038 804 1127 συγκλήτου
834 1040 1031 1121 καταλέξας..
1076 1041 1155 1105 Pun.
1180 1046 1233 1106 66:
1255 1041 1311 1108 καί

173 1150 273 1241 χορὸς
293 1161 500 1238 καθαριστῶν
522 1177 556 1220 τε
586 1153 642 1220 καί
664 1161 864 1239 τιτνριστῶν
894 1151 927 1232 ἐς
948 1157 1077 1248 μίμημα
1103 1153 1313 1240 Τυρρηνικῆς

173 1275 308 1352 πομπῆς
336 1265 598 1351 περιεζωσμένοι.
645 1263 817 1330 Similiter:
854 1263 962 1330 Mithr.
988 1270 1038 1331 68.
1069 1265 1158 1330 Civil.
1181 1265 1235 1345 IV,
1260 1270 1311 1332 20.

173 1415 217 1426 -
239 1377 321 1442 Mae.
345 1383 374 1457 9,
398 1383 434 1443 6:
453 1377 510 1444 καὶ
531 1375 723 1464 Δημήτριος
745 1377 777 1458 ἐς
798 1373 993 1464 ἀντιλογίαν
1015 1377 1214 1465 ἐπρέσβευεν
1227 1375 1311 1462 ὑπὲρ

174 1487 292 1559 αὐτοῦ.
336 1489 414 1555 ibid.
440 1495 488 1569 11,
513 1494 549 1557 3:
576 1486 737 1575 Ἅρπαλόν
766 1515 801 1557 τε
823 1490 1024 1575 πεμφθέντα
1044 1486 1133 1575 παρά
1158 1488 1312 1575 Περσέως

175 1603 209 1682 ἐς
242 1597 437 1689 ἀντιλογίαν
466 1598 650 1687 Εὐμένους.
695 1600 869 1668 Similiter:
899 1601 1009 1667 Mithr.
1032 1608 1061 1667 4.
1087 1607 1134 1668 13.
1157 1640 1201 1650 -
1222 1601 1311 1668 civil.

174 1716 200 1794 I,
223 1722 284 1782 99:
309 1713 448 1783 τοσόνδε
470 1714 585 1800 μέντοι
607 1714 818 1799 προσέθεσαν
848 1715 881 1794 ές
904 1710 1104 1800 εὐπρέπειαν
1125 1723 1188 1783 τοῦ
1209 1713 1310 1801 ῥήμα-

174 1854 240 1907 τος.
270 1827 311 1907 ΙΙ,
333 1832 391 1892 31:
427 1823 565 1895 ἀπατῶν
596 1824 616 1914 ἢ
646 1825 813 1912 τεχνάζων
845 1827 901 1894 καὶ
930 1826 1004 1895 τότε
1040 1828 1072 1907 ἐς
1102 1823 1310 1912 εὐπρέπειαν.

175 1939 349 2005 Similiter:
376 1939 417 2018 11,
442 1944 512 2005 129.
541 1939 598 2019 ΠΙ,
627 1944 677 2003 22.
705 1944 755 2003 37.
787 1943 839 2004 42.
872 1945 922 2005 81.
954 1940 1008 2020 IV,
1040 1946 1089 2006 57.
1134 1939 1311 2004 Praeterea

175 2049 325 2118 conferas
346 2052 379 2133 ἐς
400 2049 573 2138 φυλακήνι
594 2051 701 2116 Hann.
716 2057 766 2116 34.
786 2057 835 2118 60.
859 2051 947 2118 civil.
973 2057 1021 2119 10.
1044 2052 1077 2132 ἐς
1099 2052 1311 2136 ἐπικουρίαν·

179 2163 228 2228 lll.
253 2169 281 2228 7.
304 2163 373 2248 Syr.
397 2167 448 2228 27.
472 2168 522 2228 36.
545 2163 578 2243 ἐς
603 2163 784 2251 βοηθειανε
814 2164 902 2231 civil.
925 2165 949 2244 Ι,
974 2169 1023 2231 38.
1045 2164 1101 2244 ΙΠ,
1126 2167 1175 2229 66.
1199 2164 1232 2243 ἐς
1255 2160 1311 2250 ὕβ-

175 2301 248 2362 ριν.Ι
282 2275 372 2342 civil.
403 2277 428 2355 Ι,
452 2281 523 2343 108.
545 2276 587 2356 11,
609 2282 637 2340 2.
661 2281 711 2341 23.
741 2276 797 2357 111,
821 2282 871 2342 21.
893 2282 943 2342 68.
970 2277 1023 2357 IV,
1047 2281 1097 2342 93.
1135 2277 1167 2355 ἐς
1196 2274 1310 2361 χάρινε

174 2387 265 2454 (livil.
287 2387 328 2468 H,
354 2394 423 2455 106.
447 2389 503 2470 111,
528 2395 555 2455 5.
579 2393 629 2454 22.
654 2393 703 2454 30.
730 2394 780 2454 31.
804 2395 854 2454 81.
878 2393 929 2456 87.
952 2389 989 2469 11,
1014 2393 1062 2453 14.
1086 2394 1135 2454 78.
1159 2388 1191 2468 ἐς
1214 2413 1311 2474 κατη-

175 2503 313 2587 γορίανι
343 2498 432 2566 civil.
458 2502 483 2581 1,
507 2506 556 2566 36.
587 2502 620 2581 ἐς
643 2502 857 2570 ἐναντίωσιν·
890 2500 1184 2580 Civil.ll,9.122.
1214 2500 1311 2580 ΙΠ,7

174 2612 344 2696 multaque
365 2612 439 2678 alia.

278 2725 332 2791 IV.
375 2725 446 2791 Iam
467 2747 544 2792 vero
566 2725 655 2791 haud
676 2747 784 2810 pauca
813 2725 967 2809 leguntur
990 2725 1153 2810 exempla,
1184 2725 1218 2789 in
1241 2725 1312 2809 qui·

173 2838 238 2903 bus
280 2838 480 2922 praepositio
524 2839 556 2918 ἐς
594 2838 757 2904 causalem
790 2836 859 2902 fere
898 2838 964 2902 vim
996 2838 1141 2904 induisse
1174 2837 1311 2902 videtur.

176 2949 353 3034 Spectandi
378 2955 454 3016 sunt
473 2950 507 3014 hi
528 2949 605 3016 lesi:
632 2951 723 3034 Hisp.
747 2957 803 3017 39:
833 2950 1050 3036 ἐνεωτέρισαν
1072 2939 1173 3030 αὖθις
1195 2950 1228 3030 ἐς
1249 2948 1312 3036 τὴν

175 3058 335 3148 ἀσχολίαν
356 3058 473 3130 αὐτῶν
495 3064 527 3130 οἰ
540 3059 678 3150 Ἴβηρες.
722 3062 800 3128 ibid.
824 3068 882 3128 52:
913 3064 968 3130 καί
985 3059 1167 3149 Ῥωμαίους
1190 3063 1222 3142 ἐς
1240 3057 1311 3129 ἀπι-

175 3176 273 3242 στίαν
303 3177 564 3259 λουδοροῦντεςε
595 3174 721 3240 Similia
750 3175 853 3242 habes
882 3174 971 3241 civil.
1006 3175 1030 3255 Ι,
1062 3180 1138 3240 112:
1175 3170 1218 3244 οὐ
1247 3172 1310 3261 γάρ

175 3286 302 3371 ἔφερον
321 3286 353 3366 ἐς
368 3281 525 3354 ἀπιστίαν
543 3281 789 3374 ὀνειδιζόμενοι.
812 3288 853 3367 Il,
879 3292 959 3353 104:
981 3284 999 3355 ὀ
1022 3285 1197 3374 Πομπήιος
1223 3283 1312 3356 ἀνεί-

175 3402 270 3466 δισεν
303 3399 336 3478 ές
368 3401 503 3467 δειλίαν.
536 3400 573 3480 V,
600 3406 657 3466 54:
699 3398 843 3481 ὠνείδιζε
877 3400 913 3468 δέ
944 3399 977 3479 ἐς
1006 3396 1209 3486 ἀχαριστίαν.
1255 3405 1312 3466 96:

175 3506 411 3592 ὀνειδιζόντων
440 3512 472 3591 ἐς
500 3507 666 3580 ἀπιστίαν.
713 3517 789 3578 123:
818 3509 982 3580 ’ὀνειδιῶν
1010 3509 1072 3580 τὸν
1102 3512 1250 3580 Λέπιδον
1280 3513 1313 3591 ές

174 3621 380 3708 ἀχαριστίαν.
405 3660 445 3671 -
471 3623 554 3688 Mae.
573 3631 601 3704 9,
623 3630 655 3689 1:
678 3626 734 3693 καὶ
757 3622 1006 3711 διαβαλλόντων
1028 3619 1133 3691 αὐτὸν
1155 3624 1188 3703 ἐς
1209 3627 1313 3707 δωρο-

175 3738 304 3802 δοκίαν.
336 3734 425 3800 Oivil.
451 3736 491 3814 11,
518 3742 574 3801 14:
613 3736 850 3824 διαβάλλοντος
879 3731 942 3822 ἤδη
973 3733 1037 3822 τὴν
1068 3736 1313 3822 συμφροσύνην

174 3856 249 3916 τῶν
279 3856 383 3933 τριῶν
411 3843 548 3934 ἀνδρείαν
582 3849 614 3928 ἐς
643 3853 836 3936 μοναρχίαν.
869 3853 946 3914 107:
976 3857 1048 3928 τοῖς
1076 3846 1314 3936 διαβάλλουσιν
1400 3919 1402 3926 ,

175 3955 282 4028 αὐτὸν
312 3959 345 4038 ἐς
373 3957 438 4047 τὴν
465 3962 648 4047 ἐπιθυμίαν
676 3969 735 4047 τῆς
769 3966 940 4048 βασιλικῆς
966 3964 1200 4047 προσηγορίας.
1235 3965 1312 4024 137:

174 4081 246 4140 τῶν
268 4072 401 4158 ἐχθρῶν
423 4071 672 4160 διαβαλλόντων
699 4069 783 4160 ἡμᾶς
813 4073 845 4152 ἐς
872 4072 1046 4158 ἐπιορκίαν
1067 4074 1123 4140 καί
1149 4072 1181 4152 ἐς
1203 4073 1313 4139 αἰτίαν

173 4180 317 4270 ἀπορίας
339 4183 473 4272 εἰρήνης
494 4181 676 4272 ἀσφαλοῦς.
709 4185 746 4264 11,
772 4189 827 4250 19:
856 4182 917 4254 τὸν
939 4187 1092 4271 Καίσαρα
1114 4191 1161 4272 τῷ
1183 4193 1312 4276 στρατῶ

173 4295 348 4387 διέβαλλεν
369 4297 402 4382 ἐς
422 4293 580 4372 ἀπιστίαν
607 4294 691 4386 πρὸς
709 4294 895 4372 Ἀντώνιον.
927 4302 984 4364 71:
1015 4295 1076 4366 τὸν
1096 4293 1313 4388 Μηνόδωρον
