3074 4916
678 323 894 382 ..5-

215 491 311 573 longo
334 492 465 574 lateque
487 496 600 574 patero
618 489 714 553 lacile
729 489 905 571 intelleget.
951 489 1044 566 Quod
1073 511 1136 570 quo
1165 491 1268 571 magis
1299 511 1351 552 00-

215 607 406 686 gnoscatur,
435 623 546 666 omnes
568 601 827 685 praepositiones
857 601 899 665 ab
935 601 1080 685 tppiano
1103 608 1278 685 usurpatas
1299 623 1351 665 ra·

215 717 302 780 tione
324 713 524 796 singulorum
549 735 682 778 casuum
706 713 821 777 habita
842 734 1077 798 proponamus:

574 841 634 894 gen.
727 825 781 880 dat.
921 840 976 878 aec.

369 915 416 992 εις
437 905 497 997 (ἐς)
905 918 989 976 4330
1045 911 1047 956 1
1094 917 1179 977 4330

370 1025 423 1092 010
569 1030 627 1089 441
737 1029 799 1089 343
906 1029 988 1088 1024
1094 1029 1177 1088 2413

373 1137 381 1162 ’
720 1143 799 1201 1003
1095 1141 1177 1201 1303

1095 1254 1178 1314 1210

738 1365 797 1425 132
947 1365 988 1424 30
1114 1366 1176 1426 331

924 1476 986 1536 423
1113 1478 1175 1538 313

925 1589 986 1649 333
1113 1591 1177 1650 300

925 1701 983 1760 041
1115 1702 1176 1762 103

924 1815 985 1873 200
1113 1814 1174 1873 143

1113 1925 1173 1985 332

924 2038 986 2098 433
1114 2040 1175 2098 334

754 2151 794 2210 30
923 2151 982 2209 201
1113 2151 1174 2211 313

735 2263 796 2322 333
1113 2263 1174 2322 333

610 2377 627 2434 3
757 2375 796 2435 13
923 2375 985 2434 243
1112 2375 1174 2434 203

563 2488 623 2546 104
944 2490 984 2548 33
1112 2487 1174 2548 233

563 2599 623 2658 111
1114 2599 1173 2658 111

376 2703 443 2733 ”
564 2712 622 2770 131
1114 2711 1172 2770 131

943 2826 983 2884 33
1132 2825 1172 2884 33

540 2953 623 3013 3233
712 2953 794 3013 3332
900 2935 1173 3035 3302111312

317 3070 403 3147 Quos
430 3090 581 3132 numeros
611 3070 667 3152 qui
697 3069 889 3152 inspexerit,
924 3069 1020 3134 facile
1050 3069 1113 3133 sibi
1135 3069 1347 3153 persuadebit

212 3180 246 3245 id
268 3179 356 3263 quod
389 3179 644 3245 demonstraturi
673 3202 792 3245 sumus.
835 3182 1019 3246 Invenimus
1048 3182 1148 3261 enim,
1182 3182 1209 3246 si
1232 3181 1346 3246 editio-

211 3293 261 3357 nis
292 3293 537 3357 Teubnerianae
568 3298 755 3357 contextum
786 3293 889 3357 secuti
918 3293 1077 3357 rationem
1107 3294 1346 3358 arithmeticam

212 3404 365 3483 facimus,
393 3404 426 3467 in
456 3407 576 3489 pagina
606 3404 693 3488 apud
716 3405 898 3488 Appianum
930 3411 1056 3470 21-22
1079 3407 1346 3490 praepositiones

213 3538 308 3599 quem
333 3538 500 3580 numerum
525 3516 612 3600 apud
629 3516 754 3581 Atticos
775 3517 950 3600 scriptores
971 3517 1060 3582 haud
1079 3517 1175 3581 facile
1191 3518 1345 3602 reperias.

213 3628 283 3692 Hoc
306 3634 343 3692 ut
365 3630 520 3713 exemplis
550 3629 726 3707 illustrem,
756 3629 1016 3694 commemorabo
1048 3629 1187 3708 Atticos,
1220 3629 1275 3713 qui
1298 3629 1345 3693 di-

213 3744 343 3819 cuntur,
367 3740 477 3804 decern
502 3747 665 3815 oratores,
699 3742 754 3824 qui
777 3747 934 3824 quantum
958 3741 999 3806 ab
1023 3741 1085 3805 hac
1109 3742 1248 3825 Appiani
1270 3764 1344 3824 pro·

211 3852 352 3935 prietate
376 3852 529 3934 loquendi
546 3852 744 3926 recederent,
767 3853 925 3919 Krebsius
947 3856 979 3918 in
994 3854 1263 3918 commentatione
1286 3873 1346 3917 sua

212 3964 381 4029 adnotavit
393 3965 427 4048 1).
472 3965 554 4030 Nam
582 3965 790 4048 reperiuntur
824 3966 910 4050 apud

366 4076 596 4160 Antiphontem
783 4083 906 4142 11-12
930 4078 1189 4162 praepositiones

317 4318 340 4385 l)
359 4317 393 4373 cf.
413 4335 438 4386 p.
458 4319 482 4370 4.
