3074 4916
627 331 844 400 ...472—

167 503 301 574 ἐαυτοῦ.
345 509 420 570 152:
446 502 492 591 μή
517 531 565 584 τις
594 503 755 591 ἐπιβουλὴ
783 505 914 590 γένοιτο
945 503 1029 572 κατὰ
1050 513 1113 572 τοῦ
1138 505 1305 592 βασιλέως.

166 618 225 698 ΙΠ,
251 623 309 682 16:
333 615 400 684 κατ’
426 617 575 703 ἐμαυτοῦ
597 620 875 703 δορυφορεῖσθαι.
912 615 965 697 lV,
987 623 1025 682 8:
1056 614 1200 702 στρατὸν
1221 611 1307 703 ἀγεί-

166 747 267 816 ρουσι
300 725 375 797 καθ’
408 726 511 816 ἡμῶν.
545 729 582 808 V,
605 734 643 796 4:
681 736 884 797 συνετελεῖτε
917 727 1068 816 χρήματα
1096 726 1200 796 πολλὰ
1228 725 1303 796 καθ’

167 839 274 928 ἡμῶν.
310 846 367 907 98:
395 839 625 927 συλλήπτορας
647 837 739 931 αὐτῷ
761 837 829 909 κατ’
855 841 988 927 ἐχθρῶν
1011 841 1178 928 γενέσθαι.
1226 845 1306 905 134:

168 957 313 1038 Καίσαρι
336 951 394 1032 τὰς
408 929 492 1032 subg
513 949 581 1020 κατ’
608 949 715 1021 αὐτοῦ
736 953 903 1039 παρέσχες.
927 959 1005 1020 139:
1029 954 1062 1035 ἐξ
1085 950 1174 1021 ὅσων
1192 950 1307 1020 Ἀντω-

167 1091 240 1145 νιος
263 1063 431 1152 ἐκεχρήκει
451 1064 534 1132 κατὰ
560 1068 740 1152 Πομπηίου
763 1069 917 1153 Καίσαρι.
1173 1069 1176 1076 ’

272 1178 307 1262 b)
338 1178 407 1242 lam
437 1181 619 1260 sequuntur
648 1175 728 1256 loci,
759 1177 879 1260 quibus
908 1183 983 1262 post
1011 1177 1112 1244 verba
1140 1199 1157 1243 a
1186 1177 1307 1243 forensi

168 1289 402 1357 consuetudine
433 1289 563 1354 dicendi
590 1289 762 1373 desumpta
793 1290 993 1374 praepositio
1016 1288 1099 1357 κατὰ
1123 1288 1305 1354 exhibetur.

166 1403 247 1471 Tria
268 1402 373 1467 solum
404 1402 492 1486 apud
515 1402 698 1485 Appianum
729 1403 937 1468 inveniuntur
967 1401 1128 1486 exempla,
1159 1400 1216 1465 ubi
1241 1422 1305 1466 non

166 1515 338 1598 proprium
360 1513 495 1579 verbum
514 1514 668 1579 iudiciale
690 1516 832 1599 positum
862 1519 913 1580 est
942 1513 1000 1579 sed
1023 1513 1122 1578 dictio
1144 1513 1304 1596 quaedam

166 1626 213 1692 ad
233 1626 363 1693 illorum
386 1625 560 1692 verborum
582 1627 743 1692 rationem
764 1627 923 1692 formata:

255 1739 360 1806 'civil
384 1739 409 1820 Ι,
432 1744 485 1805 37:
516 1743 640 1826 κρίσεις
663 1737 750 1808 εἶναι
777 1737 861 1808 κατὰ
891 1748 961 1808 τῶν
986 1735 1219 1826 βοηθούντων.
1244 1743 1302 1804 54:

166 1851 284 1920 ἐδίδου
316 1847 384 1920 κατ’
414 1848 567 1938 ἀλλήλων
596 1847 711 1932 αὐτοῖς
741 1850 943 1938 δικαστήρια.
982 1850 1038 1930 ΙΙΙ,
1068 1856 1122 1915 15:
1152 1853 1181 1918 εί
1212 1853 1306 1938 δίκης

166 1964 236 2044 ἔδει
257 1960 325 2032 κατ’
350 1959 573 2049 αὐτοφώρων.

271 2077 302 2159 c)
324 2075 393 2139 Neo
409 2075 607 2158 'frequentes
636 2097 708 2141 esse
730 2075 875 2140 videmus
899 2073 1080 2155 oculosos,
1110 2073 1229 2158 quibus
1257 2074 1305 2139 af-

167 2187 313 2252 iactuum
336 2186 437 2252 verba
458 2187 510 2251 vel
531 2188 664 2252 nomina
686 2189 908 2253 continentur:

281 2296 360 2382 Reg.
392 2303 448 2364 12:
487 2304 657 2385 Σαβίνους
686 2299 770 2368 κατὰ
792 2297 965 2386 Ῥωμαίων
998 2297 1159 2387 ἠρέθιζεν.
1202 2299 1322 2364 idemz·

165 2410 257 2478 Ciril.
288 2410 328 2491 ΙΙ,
361 2416 410 2476 63.
441 2411 598 2476 Similiter
629 2412 669 2492 ΙΙ,
693 2418 751 2478 28:
784 2411 910 2499 (είχειν)
943 2412 1101 2498 ἐρέθισμα
1129 2409 1213 2479 κατὰ
1243 2421 1306 2479 τοῦ

168 2527 349 2608 Καίσαρος.
394 2523 473 2589 Ραυ.
497 2527 554 2589 65:
585 2525 857 2611 παρωξυμμένοις
886 2523 969 2592 κατὰ
993 2521 1121 2592 Ῥόδου.
1168 2522 1257 2588 Civil.
1280 2524 1304 2602 Ι,

168 2641 246 2700 104:
270 2632 353 2703 κατὰ
375 2645 445 2704 τῶν
463 2641 630 2724 μεγίστων
649 2634 786 2723 ἀνδρῶν
805 2663 841 2704 τε
859 2637 914 2704 καί
930 2634 1061 2704 πόλεων
1075 2632 1176 2720 ίίκρος
1198 2631 1304 2722 ὀργὴν

163 2745 353 2835 γενόμενος.

269 2859 432 2924 Nonnulla
453 2880 582 2943 quoque
606 2861 754 2945 exempla
778 2865 916 2938 exstant,
939 2858 995 2924 ubi
1019 2858 1154 2925 verbum
1172 2858 1301 2924 dicendi

167 2971 220 3036 vel
243 2970 420 3036 accusandi
442 2972 492 3036 vel
514 2973 580 3037 tale
603 2973 682 3056 quid
705 2979 755 3038 est
776 2972 1052 3038 subaudiendum:

270 3083 361 3168 Hisp.
390 3089 443 3148 10:
464 3084 616 3170 ἐντυχεῖν
639 3089 672 3153 oi
694 3084 777 3153 κατὰ
800 3095 870 3154 τῶν
894 3087 1127 3152 Ζακανθαίωυ.
1153 3082 1231 3148 ibid.
1246 3089 1302 3148 11:

163 3197 199 3275 ἐς
223 3193 423 3282 Καρχηδόνα
446 3202 663 3265 πλευσεῖσθαι
691 3195 758 3265 κατ’
793 3193 910 3264 αὐτοῦ.
955 3195 1037 3260 Μεο.
1063 3201 1119 3273 11,
1144 3203 1178 3260 5:
1207 3195 1302 3281 πρέσ-

162 3311 235 3395 βεις
256 3304 324 3374 κατ’
357 3304 464 3376 αὐτοῦ
491 3309 762 3396 περιπέμπουσιν.
808 3309 848 3373 cf.
877 3307 955 3372 ibid.
982 3312 1030 3384 11,
1055 3313 1091 3373 7;
1122 3306 1302 3395 βαρβάρων

162 3415 235 3488 κατ’
269 3415 443 3507 Εὐμένους
478 3419 768 3506 πρεσβευσάντων.
799 3420 902 3486 idem:
941 3419 1050 3485 Mithr.
1077 3426 1125 3485 15.
1156 3419 1244 3484 civil.
1276 3420 1301 3499 Ι,

164 3536 229 3597 22:
254 3535 342 3599 οἵτε
365 3533 517 3619 πρέσβεις
539 3535 573 3600 oi
593 3528 661 3599 κατ’
685 3528 799 3600 αὐτῶν
821 3532 869 3600 ἐτι
891 3533 1063 3619 παρόντες.

271 3643 465 3726 Priusquam
495 3649 604 3709 autem
636 3643 678 3708 ad
711 3647 931 3710 accusativum
955 3651 1175 3721 transeamus,
1210 3643 1303 3708 iuvat

162 3753 285 3820 afferre
308 3755 411 3834 locos,
441 3757 498 3840 qui
521 3756 618 3820 aliam
643 3756 834 3821 elocutionis
857 3757 1044 3841 Appianeae
1066 3755 1301 3839 proprietatem

162 3865 261 3932 nobis
284 3867 467 3932 ostendunt.
512 3867 638 3932 Exstat.
667 3867 813 3932 Samni
845 3867 924 3934 hoo:
962 3867 1025 3955 τὴν
1058 3871 1157 3954 νίκην
1187 3865 1300 3953 ἀτυχε·

161 3976 292 4064 στάτηυ
322 3978 457 4046 ἔσεσθαι
485 3987 526 4068 τῇ
556 3977 650 4048 πόλει
678 3974 746 4046 κατ’
778 3981 912 4048 οίκείων
942 3984 1100 4048 τοσῶνδε.
1145 3979 1301 4044 Similiter

159 4089 255 4158 civil.
278 4090 315 4170 V,
337 4095 397 4157 92:
428 4087 620 4176 ἀγγέλλεται
641 4095 718 4178 νίκη
741 4091 824 4158 κατὰ
847 4098 985 4160 Κελτῶν
1010 4101 1080 4159 τῶν
1099 4088 1301 4160 Ἀκυιτανῶν

159 4201 339 4289 ἐπιφανής.
391 4201 473 4267 Gall.
507 4209 543 4267 1:
580 4203 695 4290 ἐστησε
724 4203 760 4271 δὲ
789 4201 873 4271 κατὰ
904 4210 1042 4272 Κελτῶν
1071 4203 1126 4272 καὶ
1158 4201 1300 4284 Ποίππος

159 4317 317 4400 Αἰμίλιος
338 4312 488 4398 τρόπαια.
533 4315 628 4380 Ηυοο
651 4313 780 4396 dicendi
797 4337 890 4381 usum
908 4337 925 4382 e
944 4316 1132 4382 Latinorum
1152 4301 1299 4386 sermone
