3074 4916
628 303 843 364 ..4-

167 491 223 534 um
246 469 385 552 primum
409 468 452 533 ad
475 468 658 552 Appianum
687 490 739 534 me
769 474 990 535 converterem
1014 475 1046 534 et
1067 474 1301 554 perscrutarer,

169 581 225 663 qui
256 585 343 645 essct
371 580 468 645 huius
499 581 667 664 scriptoris
700 603 778 646 usus
809 581 946 645 dicendi.
989 581 1117 645 Etenim
1147 601 1187 644 ne
1219 581 1303 645 hunc

168 693 298 775 quidem
329 692 416 756 vitiis
448 692 579 775 linguae
610 692 850 776 languescentis
880 692 930 757 vel
960 693 1158 758 senescentis
1187 713 1301 757 vacare

167 809 216 884 et,
247 826 331 888 quae
360 804 402 869 ab
431 804 613 870 Atticorum
643 826 791 871 sermone
826 805 900 889 plus
928 805 1073 870 minusve
1104 805 1301 884 recederent,

167 917 327 1001 praebere
346 917 461 982 inveni.
508 916 553 981 Ut
576 917 639 982 hoc
661 939 760 982 unum
781 939 798 982 e
820 916 930 982 multis
953 916 1105 996 afferam,
1136 919 1301 1002 praeposi-

166 1030 285 1094 tionem
309 1025 395 1116 ἀμφὶ
417 1023 514 1093 locali
544 1030 574 1092 vi
606 1029 715 1094 dativo
739 1030 926 1094 adiunctam
938 1029 963 1113 1)
985 1030 1137 1113 usurpari
1158 1030 1301 1114 potuisse

166 1140 255 1224 apud
284 1141 410 1205 Atticos
444 1162 561 1225 prosae
598 1143 754 1206 orationis
791 1142 968 1225 scriptores
999 1140 1123 1205 frustra
1153 1162 1301 1224 quaeras.

166 1253 270 1318 Multa
292 1257 400 1317 autem
424 1251 584 1333 eiusdem,
607 1259 644 1318 ut
665 1255 713 1318 ita
738 1252 860 1333 dicam,
881 1252 1064 1318 soloecismi
1088 1253 1237 1337 exempla
1260 1275 1299 1316 ex

164 1364 294 1430 illorum
323 1364 485 1430 inferioris
524 1365 655 1448 linguae
692 1366 887 1449 scriptorum
921 1364 1014 1430 libris
1036 1365 1141 1450 petita
1172 1385 1300 1430 enume-

165 1497 239 1542 rare
270 1498 422 1561 possum,
452 1477 509 1542 sed
541 1477 672 1560 longum
707 1483 764 1543 est.
810 1477 923 1562 Neque
954 1483 1004 1542 cst
1026 1478 1122 1542 huius
1151 1478 1215 1542 loci
1242 1499 1302 1543 nec

164 1590 322 1673 temporis
352 1594 410 1654 aut
433 1588 473 1654 do
500 1589 692 1673 posterioris
722 1591 840 1654 aetatis
863 1610 1010 1654 sermone
1033 1590 1159 1654 Graeco
1181 1595 1239 1654 aut
1262 1590 1301 1654 de

166 1701 305 1786 Appiani
327 1703 454 1766 ratione
473 1701 628 1784 loquendi
649 1702 683 1765 in
708 1701 1090 1785 universumdisputa1c3
1113 1722 1199 1766 nunc
1222 1702 1301 1766 mihi

163 1814 366 1898 propositum
397 1818 448 1879 est
468 1813 651 1893 sslustrarc‚
680 1814 859 1898 quae-sint
888 1813 975 1897 apud
998 1814 1182 1898 Appianum
1205 1835 1299 1897 prae-

163 1927 360 2010 positionum
391 1947 469 1991 usus
500 1927 727 2009 proprietates.
773 1925 856 1990 Nam
878 1926 911 1989 in
933 1925 996 1990 hac
1017 1947 1146 2009 quoque
1175 1946 1227 2004 re,
1264 1931 1301 1990 ut

162 2039 227 2103 iam
250 2059 349 2122 supra
370 2038 485 2103 leviter
505 2038 769 2121 perstrinximus,
792 2038 880 2122 apud
902 2038 1099 2102 recentiores
1121 2038 1297 2121 scriptores

165 2150 308 2215 Graecos
338 2149 442 2215 multa
471 2155 505 2214 ct
533 2150 575 2215 ab
604 2151 787 2215 Atticorum
818 2171 965 2215 sermone
995 2149 1215 2233 discrepantia
1246 2171 1300 2214 ex-

163 2267 252 2327 stare
280 2263 345 2328 iam
378 2263 411 2326 T.
443 2261 710 2346 Mommsenius2)
736 2274 769 2327 et
801 2261 853 2327 Fr.
880 2261 1075 2345 Krebsiusss)
1104 2260 1225 2345 aliique
1249 2266 1300 2326 sat

163 2374 250 2440 clare
272 2374 584 2440 demonstraverunt.

266 2486 359 2551 Duae
390 2507 467 2551 rcrc
496 2486 701 2571 potissimum
732 2507 786 2550 res
814 2487 847 2550 in
873 2485 1014 2570 Appiani
1038 2485 1132 2550 libris
1151 2484 1299 2569 legendis

162 2599 421 2682 praepositiones
442 2597 542 2682 paulo
567 2599 753 2664 accuratius
777 2597 1010 2682 contemplanti
1027 2618 1199 2662 occurrere
1220 2597 1299 2662 mihi

163 2710 373 2776 videbantur:
396 2709 678 2793 frequentissimus
700 2732 778 2774 usus
790 2710 1070 2794 praepositionum
1095 2716 1128 2775 et
1149 2711 1218 2774 cius
1239 2710 1298 2774 im-

161 2823 299 2887 mutatio
323 2823 365 2888 ab
388 2822 505 2887 Atticis
530 2821 625 2905 longe
652 2822 789 2887 diversa.
839 2822 955 2905 ltaque
982 2822 1015 2886 in
1045 2822 1108 2886 hoc
1140 2821 1297 2906 opusculo

162 2934 395 3000 conscribendo
425 2955 494 2999 rem
524 2933 572 2997 ita
598 2934 829 2998 instituendam
853 2955 924 2999 csse
948 2933 1074 3013 censui,
1108 2940 1146 2998 ut
1167 2955 1298 3017 agerem

161 3047 302 3130 primum
324 3046 365 3111 de
386 3045 587 3130 frequentia,
616 3045 733 3111 deinde
760 3046 800 3110 dc
823 3045 1059 3129 significatione
1081 3045 1297 3130 praepositio-

160 3178 251 3240 num;
276 3159 317 3223 de
331 3159 542 3224 collocatione
558 3163 591 3222 et
607 3178 679 3222 cum
694 3158 766 3222 aliis
784 3158 950 3223 vocabulis
966 3158 1200 3238 coniunctione,
1224 3178 1297 3222 cum

162 3269 251 3350 nihil,
277 3269 364 3354 quod
391 3277 700 3336 commemoraretur
731 3270 879 3354 dignum,
908 3271 1104 3354 investigare
1126 3270 1298 3354 potuerim,

161 3381 321 3448 disserere
344 3383 550 3467 supersedeo

719 3577 770 3646 1„

264 3714 297 3782 Si
321 3719 394 3802 quis
414 3719 447 3782 in
472 3718 612 3802 Appiani
638 3718 732 3783 libris
758 3718 940 3783 tractandis
974 3718 1116 3782 studium
1147 3739 1240 3782 suum
1264 3723 1298 3782 et

160 3851 293 3914 operam
316 3829 539 3909 collocaverit,
568 3830 601 3893 in
626 3850 736 3894 eorum
762 3850 896 3913 genere,
919 3850 1003 3913 quae
1027 3830 1113 3894 illius
1138 3832 1296 3894 sermonis

159 3941 338 4026 singularia
378 3947 420 4007 ac
451 3942 586 4027 propria
619 3942 842 4022 inveniuntur,
881 3941 1157 4026 praepositionum
1202 3964 1294 4006 usum

263 4125 286 4189 l)
306 4123 340 4177 cl.
362 4125 482 4191 Appian.
502 4123 589 4178 llauu.
611 4127 651 4177 17.
672 4125 738 4178 Pon.
758 4126 774 4177 3
794 4133 844 4178 etc.
923 4191 925 4196 Ι

261 4211 286 4278 2)
305 4209 340 4263 cl.
363 4209 543 4263 Franksurter
562 4209 731 4279 lahresber,
752 4210 853 4264 Ostern
873 4211 949 4277 1874,
970 4210 1045 4275 1876,
1065 4209 1139 4261 1879.

262 4297 288 4366 3)
308 4294 343 4351 cf.
363 4297 407 4351 Fr.
427 4295 526 4365 Krebs,
544 4295 597 4350 Dic
617 4296 843 4365 Praepositionen
861 4294 1044 4363 beiPolybius.
