3074 4916
625 315 839 376 „23-

525 482 651 547 dativus
852 490 934 550 3532

523 596 725 660 accusativos
851 603 934 663 8902

164 709 249 792 quod
272 709 299 772 si
320 708 362 772 ad
384 708 609 773 arithmeticae
632 709 713 772 artis
732 709 821 792 leges
836 710 1018 792 exprimere
1033 711 1188 786 volumus
1212 711 1296 775 ratio

163 821 276 895 horum
300 841 433 885 casuum
456 819 597 885 efficitur
620 825 638 885 3
652 843 659 884 :
673 826 690 884 2
706 845 712 885 :
726 826 754 887 5.

695 1104 749 1170 II.

263 1270 422 1349 Quoniam
444 1269 545 1352 igitur
568 1268 608 1333 de
634 1269 913 1353 praepositionum
939 1267 1124 1352 frequentia
1146 1270 1296 1352 diximus,

162 1405 245 1447 nunc
275 1403 388 1446 earum
417 1380 686 1464 significationes,
714 1381 749 1445 id
771 1381 855 1446 enim
883 1385 955 1446 erat
976 1381 1131 1462 alterum,
1163 1382 1202 1447 de
1231 1405 1295 1467 quo

161 1495 318 1560 disserere
341 1492 434 1558 nobis
456 1494 659 1577 propositum
683 1499 747 1574 est,
771 1493 797 1558 si
815 1493 940 1577 placet,
971 1493 1178 1578 explicemus.
1224 1497 1296 1575 Qua

160 1608 192 1670 in
213 1628 249 1670 re
271 1628 336 1671 non
355 1627 466 1670 omnes
480 1607 622 1670 omnium
637 1606 915 1690 praepositionum
931 1606 1088 1684 notiones,
1112 1627 1196 1688 quae
1220 1615 1296 1672 sunt

160 1740 344 1784 communes
366 1719 516 1803 Appiano
548 1739 621 1783 cum
649 1719 765 1782 ceteris
797 1717 1011 1802 scriptoribus
1034 1718 1169 1798 Atticis,
1197 1740 1295 1803 expo·

159 1831 282 1897 nendos
312 1851 383 1895 esse
405 1831 533 1914 putari,
564 1830 622 1895 sed
644 1830 747 1894 solum
777 1830 961 1896 habendam
983 1830 1144 1895 rationem
1173 1852 1294 1912 eorum,

159 1965 243 2027 quae
275 1965 295 2007 a
324 1941 556 2007 consuetudine
587 1943 769 2007 Atticorum
806 1948 863 2008 aut
898 1964 1033 2026 prorsus
1071 1942 1295 2026 discreparent

159 2059 218 2120 aut
240 2055 338 2120 etiam
361 2056 389 2118 si
411 2054 567 2138 exemplis
591 2053 679 2137 apud
701 2054 774 2119 illos
797 2075 861 2118 non
881 2055 978 2139 plane
1002 2060 1161 2134 carerent,
1183 2060 1293 2120 tamen

158 2168 201 2233 ad
222 2167 363 2252 Appiani
386 2166 600 2232 elocutionem
622 2167 757 2251 propius
780 2166 937 2232 accedere
959 2167 1039 2232 mihi
1061 2167 1256 2232 viderentur.

675 2370 776 2432 ΠΡΟ.

261 2503 346 2569 Usus
368 2503 464 2569 huius
479 2503 730 2588 praepositionis
746 2503 843 2568 locali
865 2504 896 2567 vi
919 2503 999 2568 artis
1016 2503 1135 2569 finibus
1156 2505 1311 2592 circum-¹

156 2617 265 2682 clusus
288 2621 353 2697 est,
375 2616 487 2680 tricies
509 2615 578 2680 fere
595 2615 737 2680 occurrit
751 2615 896 2699 nihilque
919 2615 1013 2680 nobis
1035 2616 1181 2698 praebet,
1205 2617 1293 2699 quod

156 2728 199 2793 ab
232 2728 413 2793 Atticorum
445 2728 606 2792 communi
643 2727 770 2792 ratione
808 2727 937 2793 dicendi
965 2727 1098 2792 differre
1133 2727 1291 2793 videatur.

156 2839 373 2923 Singulariter
399 2841 542 2923 positum
571 2860 641 2904 esse
672 2840 852 2923 reperimus
882 2839 970 2906 civil.
1003 2841 1028 2920 I,
1055 2846 1112 2906 92:
1143 2841 1199 2907 καὶ
1226 2839 1292 2925 πρὸ

154 2955 302 3020 σταδίων
324 2949 444 3020 ἑκατὸν
465 2951 748 3037 ἐστρατοπέδευον
778 2948 865 3038 ἀμφὶ
887 2951 949 3039 τὴν
975 2949 1141 3039 Ἀλβανῶν
1162 2962 1228 3039 γῆν
1248 2985 1292 3008 =

153 3063 275 3133 ἑκατὸν
313 3067 453 3131 σταδίου
490 3061 668 3150 ἀπέχοντες
695 3064 887 3149 (διέχοντες)
917 3065 1216 3149 ἐστρατοπέδευον,
1249 3064 1289 3130 de

152 3197 220 3260 quo
243 3198 304 3241 usu
330 3175 432 3256 infra,
469 3197 542 3240 oum
562 3176 814 3259 praepositionis
842 3173 909 3244 ἀπὸ
937 3177 1085 3241 notiones
1107 3176 1290 3257 illustrabo,

152 3288 254 3372 paulo
276 3287 380 3352 fusius
399 3310 451 3352 me
474 3287 717 3371 disputaturum
740 3309 811 3354 esse
830 3309 954 3354 moneo.

260 3400 372 3464 Latius
395 3405 504 3464 autem
526 3405 620 3485 patet
641 3401 831 3485 temporalis
853 3401 960 3481 notio,
984 3421 1057 3464 cum
1077 3421 1175 3485 saepe
1197 3422 1290 3485 repe·

149 3517 268 3578 tantur
297 3512 458 3578 formulae
490 3513 651 3596 quaedam
678 3513 881 3578 adverbiales
894 3514 919 3597 1)
948 3513 1036 3578 velut
1057 3511 1123 3598 πρὸ
1145 3519 1291 3581 πολλοῦ.·

150 3627 263 3690 Samn.
287 3624 407 3708 9(bis).
434 3625 514 3688 Pun.
539 3631 589 3690 27.
614 3631 664 3692 38.
689 3632 738 3691 57.
760 3632 809 3692 69.
833 3630 882 3690 73.
908 3631 977 3690 112.
1011 3624 1094 3689 Mac.
1120 3629 1167 3688 11.
1200 3625 1289 3690 civil.

148 3738 175 3815 Ι,
201 3743 250 3801 65.
275 3744 326 3802 69.
353 3742 421 3802 147.
454 3738 489 3816 V,
516 3742 573 3802 133
597 3745 666 3817 etc,
692 3736 757 3823 πρὸ
779 3738 933 3824 βραχέος.·
955 3737 1037 3801 Mac.
1064 3743 1111 3802 18.
1143 3736 1232 3802 civil.
1249 3737 1289 3816 ll,

151 3854 226 3914 153.
260 3848 316 3927 ΙΙΙ,
342 3855 392 3928 60,
423 3847 488 3934 πρὸ
510 3845 642 3936 ὀλίγον·
665 3849 754 3916 civil.
777 3851 817 3928 ΙΙ,
844 3854 913 3914 116.
938 3855 1009 3914 118.
1031 3849 1087 3928 ΙΙΙ,
1109 3854 1160 3916 46.

259 3959 446 4025 Afferantur
465 3983 563 4045 porro
579 3961 742 4041 nonnulla,
767 3983 851 4044 quae
873 3961 915 4026 ab
936 3962 1119 4026 Atticorum
1142 3981 1288 4025 sermone

149 4072 309 4138 recedere
330 4072 410 4138 mihi
433 4072 590 4138 videntur.
636 4074 786 4158 Legimus
810 4074 892 4140 Mac.
917 4081 973 4141 19:
1001 4073 1124 4160 συνέβη
1146 4070 1289 4159 τὸνμὲν

259 4315 284 4380 l)
304 4312 339 4368 cl.
359 4314 456 4368 Krebs.
475 4330 503 4382 p,
522 4316 546 4382 5,
564 4313 627 4370 adu.
643 4316 669 4368 4.
