3074 4916
718 456 932 515 „24-

259 628 323 714 πρὸ
346 636 451 712 τριῶν
468 625 600 713 ἡμερῶν
616 634 678 692 τοῦ
699 622 869 709 θριάμβου
964 618 1163 700 ἀποθανεῖν,
1187 620 1274 702 quod
1297 619 1383 682 verti-

259 763 345 805 mus:
367 739 488 803 factum
513 742 570 816 est,
593 742 630 801 ut
651 735 760 800 triduo
785 740 861 799 ante
875 733 1075 816 triumphum
1098 737 1287 797 moreretur.
1323 731 1386 794 Alia

259 852 372 917 similis
402 873 479 915 usus
509 849 658 932 exempla
682 848 850 930 Appinnea
880 846 969 928 legas
992 844 1080 909 Civil.
1105 845 1144 922 ll,
1171 851 1244 908 lll:
1276 843 1386 923 ἐξιέναι

260 961 287 1032 δ’
306 962 411 1030 αὐτὸν
433 965 594 1047 μέλλοντα
616 958 681 1045 πρὸ
704 958 861 1044 τετάρτης
877 956 997 1044 ἡμέρας
1020 961 1052 1023 οἱ
1075 957 1190 1042 ἐχθροὶ
1212 956 1388 1023 κατέκανον

260 1074 449 1159 (quatriduo
481 1076 579 1156 ante).
608 1071 686 1136 ibid.
719 1077 796 1135 115:
826 1068 902 1138 ὁδε
935 1077 1065 1154 Καῖσαρ
1097 1066 1161 1152 πρὸ
1191 1077 1266 1153 μιᾶς
1296 1069 1387 1133 τοῦδε

260 1196 322 1255 τοῦ
343 1189 587 1273 βουλευτηρίου
602 1193 722 1270 χωρῶν
738 1184 790 1250 ἐπὶ
811 1186 950 1249 δεῖπνον
973 1181 1114 1264 (pridie).
1131 1181 1185 1259 IV,
1205 1183 1278 1245 101:
1302 1179 1389 1264 μέχρι

260 1298 325 1385 πρὸ
347 1307 423 1385 μιᾶς
444 1307 501 1381 τῆς
524 1295 628 1382 μοίχης
654 1293 774 1380 ἡμέρας
805 1291 1003 1380 ἀντέστησαν.
1050 1293 1142 1356 Unde
1169 1292 1248 1355 satis
1270 1290 1389 1374 perspi-

261 1412 345 1476 oitur
368 1409 550 1494 Appianum
573 1409 735 1471 imitatum
767 1428 837 1471 esse
868 1405 1017 1470 Latinam
1044 1404 1197 1487 loquendi
1226 1407 1390 1467 eonsuetu-

261 1524 378 1600 dinem,
403 1521 489 1604 quod
512 1519 660 1584 imitandi
683 1519 835 1596 studium,
860 1540 931 1582 oum
955 1519 988 1581 in
1011 1517 1083 1580 aliis
1107 1537 1235 1599 quoque
1258 1537 1391 1598 praepo-

261 1633 432 1699 sitionibus
472 1633 568 1697 huius
599 1632 726 1714 generis
758 1629 906 1713 exempla
936 1630 1157 1712 reperiantur,
1191 1649 1319 1710 semper
1344 1649 1392 1690 me

262 1729 559 1811 demonstraturum
583 1765 654 1807 esse
675 1744 831 1826 promitto
845 1743 879 1825 ¹).

365 1857 535 1921 Translate
568 1855 706 1937 denique
737 1854 860 1919 dietum
883 1860 933 1918 est
954 1855 1004 1918 his
1026 1854 1123 1917 locis:
1148 1853 1237 1936 Hisp.
1263 1857 1320 1916 72:
1344 1877 1392 1936 φι-

261 1968 539 2047 λοκινδυνότατος
562 1964 589 2035 δ’
616 1968 648 2046 ἐς
670 1965 800 2034 ἅπαντα
823 1965 887 2052 πρὸ
910 1965 1069 2034 ἁπάντων
1091 1963 1306 2050 (γενόμενος).
1347 1964 1394 2027 Ci-

263 2083 314 2146 vil.
338 2082 394 2160 Ill,
426 2087 483 2146 32:
521 2081 575 2148 καὶ
603 2076 668 2164 πρὸ
700 2077 795 2165 ημῶν
823 2076 930 2146 αὐτοῦ
961 2087 1023 2144 σοῦ
1053 2087 1122 2144 τῶν
1152 2075 1394 2164 συμφερόντων

263 2191 394 2261 οὕνεκα.
440 2192 561 2256 Eodem
586 2213 714 2274 quoque
741 2196 790 2254 est
813 2190 1032 2268 referendum,
1063 2188 1149 2272 quod
1176 2193 1284 2252 exstat
1306 2187 1395 2270 Hisp.

263 2311 322 2369 41:
352 2303 391 2372 τὸ
413 2306 577 2389 σφέτερον
599 2300 744 2389 ἀσφαλὲς
767 2303 898 2370 ἕκαστοι
922 2298 1097 2387 προῦργου
1120 2301 1298 2386 τιθέμενοι.

778 2505 883 2568 Arre.

366 2641 402 2704 ln
430 2640 493 2703 hao
526 2660 655 2721 quoque
691 2639 947 2721 praepositione,
977 2643 1013 2700 ut
1035 2637 1162 2701 initium
1192 2637 1350 2700 faciamus
1381 2657 1401 2698 a

262 2752 360 2817 locali
383 2751 635 2834 significatione,
657 2751 878 2828 inveniuntur,
912 2771 995 2833 quae
1019 2771 1083 2812 non
1106 2749 1217 2827 modo,
1241 2753 1400 2830 quantum

265 2863 305 2928 ab
328 2865 510 2927 Atticorum
534 2884 680 2927 sermone
696 2861 895 2927 abhorreant
917 2863 1115 2926 recentiores
1134 2861 1318 2944 scriptores,
1342 2861 1402 2924 sed

265 2977 363 3040 etiam
386 2980 585 3058 quantopere
609 2973 656 3037 illi
679 2974 721 3039 ad
744 2975 931 3039 Latinorum
954 2997 1048 3038 usum
1064 2973 1192 3037 dicendi
1216 2994 1249 3036 se
1272 2995 1401 3036 aooom-

264 3077 482 3165 modaveriut,
516 3085 657 3150 dilucide
695 3086 788 3150 uobis
826 3087 1008 3150 ostendunt.
1060 3085 1142 3150 Nam
1172 3107 1330 3168 persaepe
1359 3085 1403 3147 ad

265 3199 485 3264 denotandum
506 3199 646 3282 spatium
670 3197 802 3281 aliquod
827 3198 877 3262 vel
906 3197 1128 3276 intervallum,
1159 3197 1245 3279 qnod
1277 3198 1406 3260 distant

264 3313 410 3376 homines
434 3311 483 3374 vel
507 3332 559 3374 res
581 3331 600 3374 a
622 3310 694 3375 loeo
725 3311 880 3393 quodam,
913 3312 1079 3393 Appianas
1110 3311 1212 3373 utitur
1234 3310 1406 3392 praeposi-

265 3425 352 3488 tione
376 3420 442 3490 ἀπὸ
464 3422 611 3505 praefixa
633 3423 672 3486 iis
687 3422 813 3501 verbis,
838 3421 956 3505 quibus
981 3423 1079 3504 spatii
1102 3422 1216 3485 modus
1239 3421 1406 3503 signifiea-

264 3541 328 3599 tur.
364 3535 456 3614 Quod
475 3539 513 3598 nt
535 3535 690 3616 exemplis
712 3535 881 3614 illustrem,
905 3534 1006 3599 affero
1030 3535 1121 3616 Hisp.
1139 3540 1195 3598 46:
1219 3550 1407 3618 παρεστρα-

266 3647 467 3715 τοπέδευσεν
496 3642 562 3714 νἰκὸ
590 3650 735 3713 σταδίων
763 3646 934 3733 τεσσάρων
956 3649 1011 3714 καί
1035 3651 1160 3714 είκοσιν
1178 3679 1221 3698 =
1245 3649 1409 3723 σταδίους

266 3760 425 3845 τέσσαρας
452 3760 507 3825 καὶ
536 3763 661 3826 ε’ίκοσιν
689 3755 821 3843 ιἰττίχων
844 3759 992 3844 (διέχων,
1014 3755 1133 3840 ἀπών).
1179 3758 1257 3820 Pun.
1285 3763 1337 3821 14:
1375 3757 1412 3835 ἔς

266 3900 298 3939 τι
319 3875 444 3955 χωρίον
466 3867 532 3939 ἀπὸ
561 3869 740 3954 τριάκοντα
770 3875 915 3938 σταδίων
934 3867 1059 3956 Ἰτύκης
1083 3871 1282 3953 ἐνεδρεῦσαι.
1312 3869 1411 3932 Civil.

266 3984 322 4061 ΙΙΙ,
348 3988 402 4046 12:
430 3979 502 4050 ὄντι
533 3979 624 4073 αὐτῷ
654 3983 729 4067 περὶ
757 3985 964 4070 Ταρρακίνας
997 3979 1062 4049 ἀπὸ
1084 3984 1309 4064 τετρακοσίων
1335 4004 1414 4046 που

261 4093 386 4182 Ῥώμης
408 4098 562 4161 σταδίων.
607 4095 660 4173 IV,
680 4101 738 4160 107
750 4120 756 4158 :
781 4095 843 4182 τήν
864 4122 898 4162 τε
922 4091 1050 4179 ἀγορὰν
1073 4097 1105 4161 οί
1126 4095 1187 4180 μὲν
1205 4088 1257 4158 ἀντ’
1278 4088 1415 4177 ὀλίγων

268 4211 413 4274 σταδίων
444 4205 628 4293 ἐπήγοντο,
657 4211 690 4274 οἱ
719 4208 754 4275 δὲ
778 4204 844 4274 ιἰκὸ
870 4204 1078 4293 πεντήκοντα
1108 4207 1163 4272 καὶ
1193 4208 1415 4289 τριακοσίων.

374 4363 395 4429 1)
416 4362 449 4415 ef.
472 4361 543 4414 Plnt.
564 4361 628 4416 Suu.
649 4365 689 4416 37.
719 4363 783 4414 Luc.
802 4363 844 4415 27.
883 4365 958 4414 Caes.
980 4364 1021 4414 63.
1049 4360 1125 4412 Brut.
1145 4362 1187 4411 47.
1209 4358 1285 4426 Popl.
1305 4361 1329 4412 9.
1352 4375 1419 4412 mo-

268 4449 308 4500 ral
338 4448 584 4514 praemone.
