3074 4916
707 305 921 367 ..26-

248 475 332 539 vium
363 474 401 538 fit
428 470 494 542 ἀπὸ
515 474 549 537 in
568 473 787 539 locutionibus
815 471 882 542 ἀπὸ
913 479 1032 544 τοῦδέ·
1062 473 1209 539 Prooem.
1234 481 1261 540 6.
1293 473 1373 558 Hisp.

251 591 446 653 161661.
487 587 592 652 Hann.
616 592 644 651 7.
667 591 717 651 35.
750 586 829 652 Pun.
859 591 909 652 86.
939 593 989 653 87.
1014 591 1064 654 92.
1099 591 1168 651 lOl.
1209 586 1278 671 Syr.
1303 592 1373 653 1.9.

250 705 298 764 17.
330 719 428 784 saepe
451 699 549 764 etiam
571 698 710 764 articulo
737 696 774 766 τὸ
801 698 938 779 adiecto,
967 704 1006 764 ut
1034 699 1172 764 nominis
1203 699 1275 763 loeo
1297 698 1374 781 posi-

246 817 316 877 tum
330 811 495 876 videatur:
524 812 628 876 Hann.
646 816 703 876 30:
729 809 847 879 κοίκιον
866 800 930 880 οῦν
951 811 1112 897 ἔπραττεν
1135 809 1153 879 ὁ
1176 807 1322 897 Ἀννίβας
1342 808 1375 879 τὸ

247 920 313 991 ἀπὸ
342 927 451 992 τοῦδε.
502 923 590 988 civil.
620 923 644 1001 Ι,
676 929 730 1003 15;
770 932 876 1009 χεῖρες
905 914 990 1009 ἦσαν
1020 919 1083 1010 ἤδη
1118 921 1156 990 τὸ
1178 919 1245 990 ἀπὸ
1274 925 1374 992 τοῦδε.

246 1034 324 1102 ibid.
356 1041 433 1099 117:
470 1033 534 1103 σῦν
563 1032 702 1126 θορύβῳ
736 1033 774 1103 τὸ
809 1031 875 1104 ἀπὸ
912 1039 1012 1103 τοῦδε
1044 1033 1244 1121 ὑπεχώρουν
1257 1034 1299 1118 1),
1327 1029 1373 1101 ἀπ’

247 1145 365 1234 ἀρχῆςε
388 1148 467 1212 Pnn.
488 1153 516 1212 2.
539 1146 622 1212 Man.
646 1154 674 1214 9.
704 1147 793 1212 Civil.
817 1148 857 1227 ΙΙ,
882 1153 910 1212 7.
932 1148 986 1227 lv,
1012 1153 1081 1212 123.
1106 1152 1176 1212 136.
1198 1147 1236 1226 V,
1260 1152 1310 1227 70,
1331 1152 1376 1212 85.

251 1265 320 1325 130.
366 1261 436 1339 Quo
460 1281 557 1326 sensu
580 1281 679 1344 saepe
701 1260 847 1326 videmus
875 1259 1039 1324 alternare
1061 1256 1126 1328 ἀπὸ
1151 1281 1224 1324 oum
1245 1279 1378 1342 praepo·

247 1372 363 1436 sitione
393 1373 444 1440 ἐκι
484 1372 588 1437 Hann.
621 1378 690 1441 129.
723 1371 812 1438 Civil.
839 1372 863 1451 1,
887 1377 915 1438 5.
943 1372 984 1452 ΙΙ,
1016 1379 1044 1438 5.
1077 1371 1114 1452 V,
1144 1377 1185 1440 49
1214 1376 1275 1436 eto.
1320 1369 1379 1435 Sed

247 1484 342 1548 velim
365 1485 522 1568 respicias
545 1486 581 1552 ἐκ
604 1488 702 1552 τοῦδε
725 1483 917 1568 plerumque
940 1483 1063 1549 habere
1085 1484 1248 1549 notionem
1271 1504 1379 1548 oausa-

247 1597 310 1661 lem
333 1598 421 1662 velut
443 1597 522 1662 Pnn.
546 1603 574 1663 6.
597 1602 646 1663 30.
670 1596 846 1663 Mithran
867 1602 926 1662 109
953 1600 1023 1676 oto,
1051 1601 1089 1661 ut
1110 1596 1280 1681 permultis
1302 1596 1379 1660 loeis

248 1731 312 1774 non
335 1710 415 1774 satis
437 1709 621 1775 discernere
641 1709 813 1792 possimus,
843 1713 953 1774 utrum
977 1709 1151 1794 temporali
1173 1709 1204 1772 vi
1223 1709 1381 1774 instructa

249 1821 292 1886 sit
313 1822 395 1887 haee
415 1822 556 1887 formula
579 1843 621 1886 an
642 1821 775 1886 causali.

352 1935 400 1999 Do
422 1934 591 1999 translatis
614 1934 800 1999 notionibus
823 1938 899 1999 sunt
920 1934 1002 1999 haee
1025 1932 1329 1998 animadvertenda:

351 2047 523 2126 Materies,
555 2068 594 2110 ex
625 2068 690 2130 qua
717 2046 796 2130 qnid
818 2047 862 2112 sit
885 2044 1085 2125 oonfeotum,
1115 2045 1296 2127 iudicatum
1320 2066 1383 2128 qna

248 2159 484 2241 significatione
506 2156 572 2227 ἀπὸ
592 2158 633 2223 ab
656 2159 790 2238 Atticis,
822 2160 878 2242 qui
899 2179 960 2243 pro
982 2155 1048 2226 ἀπὸ
1071 2158 1134 2223 han
1155 2159 1286 2223 notione
1310 2178 1384 2224 oon-

248 2276 424 2336 sneverunt
452 2272 559 2336 dicere
588 2272 624 2340 έκ
654 2276 712 2338 aut
737 2293 862 2336 merum
887 2271 1069 2355 genetivum
1092 2275 1150 2335 aut
1171 2268 1306 2352 aliquod
1328 2267 1385 2334 ad·

247 2383 417 2465 ieotivnm,
447 2388 640 2468 usurpatum
668 2383 757 2448 nullo
791 2384 842 2449 vel
867 2383 1064 2468 Thucydidis
1087 2382 1139 2448 vol
1160 2381 1386 2464 Xenophontis

248 2496 320 2560 loeo
349 2518 401 2562 me
430 2496 574 2561 invenire
607 2496 748 2560 memini.
794 2497 937 2581 Appiani
967 2495 1116 2579 exempla
1147 2494 1386 2560 examinemus:

248 2609 327 2676 Pnn.
348 2614 404 2674 32:
425 2607 595 2695 στέφανόν
617 2634 651 2676 τε
668 2605 734 2677 ἀπὸ
749 2617 877 2695 χρυσοῦ
892 2608 1039 2695 ἔπεμπον
1055 2610 1223 2692 (eoronam
1237 2607 1386 2690 auream)

247 2721 325 2786 ibid.
352 2727 408 2786 66:
439 2725 665 2808 περικείμενος
686 2722 742 2789 καὶ
775 2722 890 2802 ψέλλια
918 2721 973 2788 καί
995 2719 1138 2804 στρεπτὰ
1160 2715 1226 2786 ἀπὸ
1248 2725 1387 2804 χρυσοῦ.

249 2833 359 2900 Mithr.
390 2838 446 2898 66:
488 2831 646 2918 κορυφὴν
673 2839 808 2921 μείζονα
839 2830 943 2919 ίίλλην
972 2829 1038 2901 ἀπὸ
1069 2830 1178 2912 ξύλων
1216 2832 1387 2909 ἐπιτιθείς.

248 2945 327 3011 ibid.
349 2951 407 3012 75:
436 2946 547 3033 (βοῦν)
571 2945 734 3014 ἔπλαττον
755 2943 821 3014 ἀπὸ
845 2950 949 3014 σίτου.
994 2944 1083 3010 Civil.
1098 2944 1138 3024 ΙΙ,
1162 2949 1220 3009 86:
1246 2941 1390 3024 εἰκόνας,

249 3056 328 3138 ὅσας
350 3055 416 3126 ἀπὸ
437 3064 562 3143 χαλκοῦ
582 3053 762 3144 ἀνέθηκαν.
797 3058 849 3138 lv,
871 3064 930 3124 44:
961 3058 998 3126 έν
1019 3055 1169 3143 λάρνακι,
1191 3052 1229 3134 ἃς
1251 3051 1317 3122 ἀπὸ
1342 3071 1391 3121 σι-

250 3169 357 3257 δήρου
380 3171 522 3256 ἔχουσιν.
568 3170 712 3235 Similem
734 3171 768 3233 in
790 3171 922 3236 modum
944 3169 1055 3234 Mithr.
1072 3174 1122 3234 83.
1148 3174 1218 3233 116.
1249 3166 1340 3232 civil.
1365 3166 1392 3246 Ι,

252 3288 322 3349 106.
345 3282 385 3361 ΙΙ,
401 3288 450 3348 22.
475 3287 544 3349 102.
568 3284 621 3364 IV,
642 3288 711 3348 101.
757 3283 951 3349 Insolentius
974 3282 1133 3366 seriptum
1155 3285 1205 3346 est
1227 3281 1306 3345 Pun.
1331 3283 1393 3344 66:

251 3396 403 3463 ἔστεπται
424 3396 485 3482 μέν
505 3392 572 3463 ἀπὸ
601 3404 729 3481 χρυσοῦ
757 3397 813 3463 καί
844 3400 952 3465 λίθων
977 3397 1171 3480 πολυτίμων
1190 3425 1234 3447 =
1256 3391 1395 3457 redimi·

250 3513 304 3574 tus
326 3529 446 3573 oorona
462 3529 562 3573 aurea
578 3511 611 3572 et
625 3508 768 3590 gemmis.
813 3507 934 3572 Contra
946 3506 1199 3591 praepositionis
1221 3506 1256 3573 ἐκ
1279 3526 1395 3570 exem-

249 3620 306 3705 pla
327 3621 429 3686 habes
452 3621 530 3686 Pun.
555 3626 610 3685 66:
634 3629 804 3707 σκῆπτρον
827 3620 860 3700 έξ
882 3619 1062 3705 ἐλέφαντος
1083 3619 1186 3703 φέρει.
1218 3617 1297 3682 ibid:
1317 3622 1397 3682 125.

251 3743 358 3818 τεῖχος
381 3730 514 3819 ἤγειρεν
545 3733 580 3800 έκ
611 3737 774 3800 πλίνθων.
808 3737 887 3797 124:
922 3729 1043 3799 στόλον
1065 3729 1228 3818 ἐπήξαντο
1251 3730 1284 3810 ἐξ
1307 3727 1401 3815 ὕλης

252 3852 400 3924 παλαιᾶς.
446 3845 555 3911 Mithr.
580 3852 638 3911 30:
669 3843 710 3912 τὰ
740 3850 829 3932 τείχη
859 3849 1012 3930 εἴργαστο
1041 3844 1077 3911 ἐκ
1100 3847 1202 3910 λίθου
1229 3841 1400 3928 μεγάλου.

251 3957 329 4022 ibid.
353 3963 412 4038 313
442 3968 576 4038 πεσσοῖς
599 3958 635 4026 ἐκ
657 3956 830 4045 μολύβδου
854 3956 1096 4043 πεποιημένοις.
1133 3953 1222 4020 civil.
1244 3954 1285 4033 ΙΙ,
1310 3959 1402 4019 1061

240 4070 474 4155 Ιστέρκινοςέκ
497 4068 606 4156 δρυός.
650 4069 728 4134 ibid.
754 4075 813 4134 147
824 4093 832 4134 ι
854 4066 1068 4154 ἀνδρείκελον
1090 4068 1126 4134 έκ
1147 4073 1255 4152 κηροῦ
1275 4089 1405 4132 πεποι-

250 4231 457 4243 ,-——.....-..

357 4314 380 4379 1)
401 4313 434 4367 ol.
453 4281 525 4366 Arr.
537 4327 599 4381 exp.
619 4311 697 4366 Alex.
717 4310 763 4380 VI,
786 4312 825 4364 18.
