3074 4916
620 309 836 371 ...43-

265 479 445 543 Verborum
467 476 695 558 κινδυνεύειν,
726 485 899 564 πολεμεῖν,
922 473 1160 564 ἆγωνίξεσθαι,
1183 479 1296 564 διαφέ-

158 600 279 679 ρεσθαι
299 596 370 670 etc,
399 611 483 674 quae
513 611 599 655 nunc
629 611 700 655 oum
723 589 807 675 ὑπὲρ
832 611 917 655 nunc
940 612 1012 654 cum
1031 592 1107 676 περὶ
1129 591 1296 675 Appianas

160 709 350 770 construere
383 703 481 783 solet,
511 702 659 786 exempla
687 702 835 786 proferre
867 702 999 786 longum
1027 709 1086 768 est.
1131 703 1227 768 Hunc
1249 703 1295 768 di-

161 815 256 881 cendi
283 837 395 893 usum,
425 821 463 879 ut
500 815 589 880 salvo
624 805 797 880 verborum
820 836 918 882 sensu
946 812 1029 900 ὑπὲρ
1051 822 1194 899 ponatur
1223 815 1295 882 loco

159 927 411 1012 praepositionis
442 931 533 1012 περί,
560 928 650 1011 apud
678 928 877 1011 posteriores
908 927 1037 992 demum
1064 929 1190 993 Atticos
1218 929 1296 994 scri-

160 1047 271 1125 ptores
300 1040 437 1105 inveniri
468 1039 586 1105 docent
616 1041 820 1123 grammatici
830 1040 864 1124 1).
909 1039 1023 1123 Neque
1046 1041 1186 1105 enimin
1210 1041 1296 1106 Thu·

163 1152 287 1238 cydidis
309 1173 415 1236 neque
437 1153 470 1216 in
484 1151 709 1236 Xenophontis
728 1152 820 1218 libris
842 1151 939 1217 huius
961 1175 1038 1218 usus
1052 1153 1200 1237 exempla
1222 1154 1295 1236 legi.

159 1265 371 1330 Inveniuntur
393 1265 532 1348 primum
556 1265 694 1348 vestigia
716 1264 803 1348 apud
823 1266 951 1330 Atticos
967 1270 1115 1330 oratores
1131 1266 1219 1331 velut
1233 1267 1296 1331 De·

161 1377 372 1455 mosthenem
394 1377 597 1457 Aeschinem,
619 1377 818 1462 Hyperidem
839 1378 888 1442 ita
900 1383 1020 1456 tamen,
1040 1383 1078 1442 ut
1098 1378 1298 1461 praepositio

162 1491 237 1574 περὶ
250 1489 345 1573 longa
360 1489 550 1572 praevaleat
561 1489 598 1574 2).
642 1490 721 1554 Inde
743 1489 785 1554 ab
807 1489 872 1554 illis
887 1490 1101 1574 scriptoribus
1118 1489 1299 1556 increbruit

161 1602 215 1666 bic
229 1601 382 1685 loquendi
394 1624 473 1667 usus
490 1602 715 1685 paulatimque
729 1607 901 1687 tantopere
912 1602 1110 1667 invalescere
1123 1603 1239 1686 coepit,
1262 1607 1299 1667 ut

162 1714 399 1779 recentioribus
422 1714 552 1798 linguae
578 1713 724 1779 Graecae
756 1711 958 1799 temporibus
988 1716 1189 1799 praepositio
1213 1713 1297 1800 ὑπὲρ

162 1847 254 1890 usum
276 1826 410 1892 voculae
433 1829 508 1912 περὶ
531 1833 589 1892 aut
610 1849 713 1911 prope
733 1826 904 1892 accederet
927 1832 984 1891 aut
1008 1827 1106 1910 plane
1132 1834 1298 1910 aequaret.

161 1937 207 2002 Ut
227 1937 371 2003 breviter
387 1960 556 2022 exponam,
578 1941 654 2026 περὶ
671 1938 817 2023 praefert
838 1939 1022 2023 Appianus3
1049 1940 1089 2005 de
1103 1939 1230 2024 Polybii
1246 1962 1297 2004 ra·

161 2051 249 2116 tione
263 2051 336 2115 vide
347 2051 521 2116 Krcbsium
542 2052 562 2116 l.
579 2052 599 2116 l.
614 2073 645 2135 p.
659 2057 699 2118 26
711 2074 781 2135 sqq.
794 2058 827 2117 et
837 2059 887 2117 45.
920 2053 1017 2136 Apud
1028 2053 1203 2117 Arrianum
1214 2049 1297 2137 ὑπὲρ

161 2167 212 2227 tot
233 2184 336 2246 paene
360 2164 508 2247 exempla
537 2163 601 2247 legi
629 2169 709 2248 quot
736 2164 919 2248 particulae
941 2170 1028 2249 περί,
1052 2164 1090 2229 cf.
1111 2185 1182 2248 exp.
1207 2165 1297 2230 Alex.

161 2261 1297 2356 lnmmnnemmummemmmm

164 2387 199 2466 V,
223 2392 251 2451 2.
277 2393 305 2466 3,
334 2393 373 2452 27
402 2393 462 2453 etc.
514 2389 556 2453 At
585 2389 619 2453 in
648 2389 778 2473 Dionys.
811 2389 883 2453 Hal.
914 2388 1007 2454 libris
1035 2389 1137 2454 multo
1169 2389 1299 2473 saepius

160 2500 305 2582 positum
329 2504 380 2565 est
401 2497 484 2585 ὑπὲρ
508 2522 606 2582 quam
628 2504 715 2585 περί,
738 2499 777 2564 cf.
792 2506 857 2565 ant.
874 2501 964 2565 Rom.
979 2501 1005 2580 Ι,
1030 2500 1150 2585 7(6ίε).
1175 2507 1223 2567 39.
1247 2507 1298 2566 40.

162 2618 213 2677 54.
238 2617 288 2677 68.
312 2618 362 2678 70.
388 2618 438 2678 88.
468 2612 509 2691 Π,
541 2619 568 2678 3.
602 2618 632 2678 7.
660 2618 710 2676 21.
741 2618 791 2678 26.
815 2619 865 2677 27.
889 2618 938 2679 36.
964 2618 1013 2678 40.
1037 2618 1087 2678 47.
1110 2619 1161 2680 49.
1186 2620 1236 2679 50.
1258 2620 1298 2680 59

162 2722 772 2808 (mmmmmmum

266 2837 302 2900 B.
347 2836 428 2902 Cum
451 2838 647 2903 accusativo.

265 2948 376 3014 Locali
417 2949 448 3014 vi
483 2950 679 3014 instructum
719 2947 802 3035 ὑπὲρ
840 2950 1037 3034 quadragies
1075 2950 1143 3015 fere
1182 2956 1299 3029 exstat,

160 3059 249 3144 qnod
272 3060 359 3143 apud
380 3062 506 3126 Atticos
535 3061 634 3146 baud,
653 3061 749 3127 facile
774 3062 845 3127 fieri
875 3063 968 3128 testis
991 3068 1040 3128 est
1061 3063 1296 3146 Kruegerus3).

161 3173 360 3255 Adiungitur
394 3194 470 3238 vero
501 3173 585 3258 ὑπὲρ
614 3175 702 3258 apud
733 3175 918 3259 Appianum
949 3174 1056 3239 verbis
1088 3174 1237 3240 movendi
1267 3180 1300 3240 et

161 3284 368 3368 quiescendi:

266 3398 300 3480 a)
324 3397 401 3462 Pun.
428 3403 505 3463 129:
528 3408 598 3478 ταῖς
619 3405 779 3485 κεφαλαῖς
799 3397 976 3485 ὑπερεῖχον
998 3395 1081 3484 ὑπὲρ
1104 3397 1143 3469 τὸ
1165 3400 1298 3487 ἔδαφος.

158 3507 272 3574 Mithr.
298 3514 331 3573 l:
365 3507 572 3593 capricornus
604 3508 686 3594 ὑπὲρ
716 3508 755 3578 τὸ
783 3510 970 3592 Βυζάντιον
996 3512 1028 3590 ἐς
1060 3509 1123 3598 τὴν
1147 3517 1299 3602 Θρᾳκῶν.

158 3623 233 3704 Syr.
259 3627 314 3687 19:
348 3619 432 3706 ὑπὲρ
461 3620 500 3691 τὸ
523 3621 751 3706 στρατόπεδον
772 3623 921 3710 ἐγίγνετο
945 3620 1017 3710 ἤδη.
1064 3622 1153 3688 Civil.
1177 3623 1216 3697 ΙΙ,
1240 3630 1298 3690 61;

267 3883 292 3950 1)
310 3880 345 3935 cl.
363 3882 464 3950 Krueg.
484 3883 527 3948 68,
546 3884 589 3948 28,
611 3881 672 3936 adn.
692 3885 716 3937 3.

268 3969 294 4034 2)
313 3967 348 4024 cf.
369 3968 525 4037 Rebdantz,
552 3967 786 4023 Grammatiseber
804 3967 860 4022 nnd
885 3969 1073 4024 lexicaliscber
1092 3968 1177 4023 Index
1196 3985 1231 4022 zu
1250 3967 1301 4022 lle-

157 4053 318 4108 moethenes
336 4070 356 4108 s.
372 4071 396 4109 v.
414 4051 496 4122 ὑπὲρ.
940 4101 943 4108 ,

264 4141 290 4204 3)
310 4140 344 4195 cf.
364 4141 407 4206 68,
427 4143 469 4207 29,
489 4139 551 4196 adn.
572 4145 595 4195 l.
631 4141 725 4196 Thon.
750 4141 822 4210 Mag.
849 4159 875 4209 p.
895 4143 962 4196 8682
988 4138 1039 4209 τὴν
1064 4137 1135 4208 ὑπὲρ
1162 4138 1300 4206 πρόθεσιν

129 4279 137 4290 ,
156 4222 214 4294 τήν
232 4222 326 4279 ἐπάνω
344 4223 420 4295 χέσιν
434 4228 574 4295 δηλοῦσαν
593 4224 665 4296 πρός
679 4224 809 4300 γεννικήν
826 4225 991 4300 ἐκφέρουσιν
1004 4221 1123 4282 Ἀττικοὶ.
1151 4220 1299 4300 Ἕλληνας

157 4311 191 4372 δὲ
210 4309 283 4382 πρὸς
302 4310 467 4382 αἰτιατινήν.
