3074 4916
384 484 583 550 Andocidem
890 491 927 550 13
952 486 1209 570 praepositiones

383 596 511 681 Lysiam
801 603 926 664 15-13

383 708 561 773 Isocratem
799 715 924 774 14—13

382 821 511 886 Isaeum
801 826 926 886 11-12

384 931 581 1018 Hyperidem
801 938 924 998 16-17

384 1045 567 1130 Lycurgum
800 1051 924 1111 12-13

383 1156 584 1222 Dinarchum
888 1164 926 1224 16

331 1261 433 1349 Hanc,
457 1289 554 1352 quam
576 1269 672 1334 modo
695 1268 844 1350 diximus,
868 1271 1055 1354 Appieneae
1077 1271 1267 1336 elocutionis
1287 1291 1357 1354 pro·

228 1382 402 1467 prietatem
426 1381 554 1446 omnino
581 1381 670 1465 apud
699 1382 891 1466 posterioris
913 1383 1044 1466 linguae
1064 1383 1240 1467 scriptores
1263 1382 1360 1447 Grae·

145 1581 149 1591 !
229 1515 284 1559 cos
308 1493 402 1560 nobis
423 1493 553 1559 'obviam
583 1492 719 1558 fierint
748 1494 980 1575 demonstrem,
1009 1495 1108 1560 liceat
1136 1495 1216 1560 mihi
1247 1494 1361 1560 afferre

229 1606 408 1686 nonnullos,
427 1627 564 1690 quorum
579 1605 680 1670 libros
693 1611 751 1670 aut
766 1605 807 1670 ad
823 1606 993 1672 umbilicos
1009 1606 1153 1691 pervolvi
1175 1613 1233 1672 aut
1245 1627 1359 1690 magne

229 1739 269 1784 cx
287 1724 384 1803 parte
406 1717 610 1802 perlustravi.
655 1718 795 1783 Exstant
814 1724 922 1784 autem
946 1718 979 1783 in
1001 1719 1123 1803 pagina
1146 1720 1233 1803 apud

382 1828 551 1915 Polybium
562 1831 587 1914 ¹)
796 1836 920 1896 20-21
947 1832 1206 1916 praepositiones

383 1941 563 2007 Diodorum
798 1947 922 2008 20-21

383 2053 574 2138 Dionysium
596 2053 670 2118 Hal.
799 2059 926 2120 19-20

384 2165 578 2231 Strabonem
797 2171 920 2231 20-21

383 2277 563 2360 Josephum
801 2283 926 2344 14-1-15

383 2389 594 2454 Plutarchum
799 2395 924 2456 18-19

384 2501 556 2566 Arrianum
798 2508 922 2568 20—21

383 2614 529 2680 Cassium
551 2613 644 2680 Dion.
799 2622 925 2681 17-18

383 2726 606 2792 Herodianum
800 2734 925 2794 15-16

333 2840 432 2906 Cuius
463 2840 512 2904 rei
541 2861 673 2921 causas,
705 2862 789 2924 quae
819 2840 929 2905 variae
959 2844 1034 2904 sunt
1063 2860 1103 2904 ac
1124 2839 1262 2920 multae,
1292 2862 1367 2904 cum

227 2952 386 3018 Krcbsius
399 2951 426 3038 2)
462 2953 573 3037 plures
602 2952 668 3016 iam
699 2952 924 3037 explicaverit,
953 2973 1076 3035 paucas
1107 2951 1210 3017 solum
1244 2973 1368 3035 easque

229 3064 534 3130 commemoratione
557 3062 764 3147 dignissimas
785 3064 967 3150 proferam,
998 3085 1079 3148 quas
1109 3065 1137 3128 si
1168 3064 1369 3146 quaesiveris

228 3177 304 3242 inde
326 3177 521 3261 repetendas
540 3197 610 3242 esse
632 3176 766 3254 videbis,
790 3177 876 3261 quod

334 3290 365 3373 1)
395 3288 569 3373 plurimum
598 3289 708 3354 valent
737 3290 849 3354 variae
881 3288 1205 3372 circumscriptiones.
1260 3287 1370 3352 Huius

229 3400 358 3466 dicendi
378 3422 457 3466 usus
479 3400 628 3484 exempla
651 3421 848 3485 quamquam
872 3400 959 3486 apud
977 3401 1103 3466 Atticos
1120 3421 1248 3483 quoque
1271 3421 1369 3483 repe-

229 3513 359 3577 riuntur
382 3511 527 3595 singule,
549 3513 715 3579 tamenin
739 3534 777 3578 eo
799 3513 922 3578 maiore
945 3513 1098 3578 libertate
1121 3534 1197 3577 usos
1218 3512 1373 3594 aliquan-

228 3630 327 3708 toque
355 3625 537 3690 Atticorum
566 3623 699 3690 modum
726 3625 924 3690 recentiores
954 3644 1102 3707 egressos
1125 3644 1194 3688 esse
1218 3629 1373 3707 apparet.

229 3736 546 3802 Circumscribuntur
572 3737 673 3820 igitur
703 3742 736 3801 et
764 3737 895 3802 nomina
924 3735 1158 3821 (substantiva,
1190 3734 1374 3820 adiectiva')

229 3856 262 3914 et
284 3870 380 3914 casus
403 3849 600 3934 (genetivus,
624 3849 768 3929 dativus,
792 3849 1021 3933 accusativus),
1045 3868 1143 3930 quam
1165 3869 1235 3912 rem
1257 3869 1371 3913 exem-

228 3961 290 4046 plis
313 3961 457 4026 breviter
480 3961 695 4027 absolvamus.

332 4075 365 4159 a)
386 4073 430 4138 Ut
460 4075 609 4140 omittam
637 4075 742 4156 locos,
773 4074 891 4157 quibus
922 4071 1079 4138 articulus
1103 4094 1175 4138 cum
1197 4072 1375 4156 praeposi·

229 4192 435 4202 .-——--——

332 4232 357 4300 1)
376 4227 411 4286 cf.
429 4229 528 4285 Krebs.
548 4229 565 4286 l.
579 4231 597 4284 l.
616 4247 643 4298 p.
663 4233 687 4286 d.

332 4317 358 4379 2)
378 4315 414 4373 cf.
432 4317 468 4374 id.
488 4315 535 4374 1.1.
554 4333 581 4386 p.
602 4320 626 4380 5,.
