3074 4916
635 309 850 371 ..55-

170 479 277 563 prium
302 499 341 546 ac
364 498 542 558 commune,
564 481 602 542 ut
624 477 805 542 numeralia
828 476 995 562 amplioris
1011 477 1217 561 potissimum
1239 497 1307 542 am·

170 591 260 656 bitus
283 589 467 656 efficiantur
495 610 556 674 per
584 589 727 672 aliquam
755 587 1040 673 praepositionem.
1085 588 1237 667 Quare,
1270 593 1308 654 ut

171 703 234 769 hoo
270 702 425 786 exemplis
460 701 579 767 clarius
606 700 682 782 fiat,
714 699 862 766 conferre
894 700 974 765 velis
1003 700 1182 785 Polybium,
1210 721 1306 785 quem

171 816 205 881 in
228 813 351 879 talibus
369 814 542 880 verborum
560 811 849 897 compositionibus
864 833 960 878 usum
979 833 1051 878 esso
1065 814 1307 896 praepositione

172 925 237 995 σὺν
269 926 336 992 iam
370 925 529 992 Krebsius
566 925 800 990 demonstravit
811 926 845 1008 1).
906 925 1117 990 Plutarchum
1151 923 1308 990 adhibere

169 1039 235 1122 legi
257 1038 516 1124 praepositiones
536 1037 621 1124 πρὸς
648 1042 681 1102 et
702 1037 772 1119 ἐπί,
794 1036 835 1103 ol.
859 1037 948 1122 Popl.
972 1044 1008 1104 9:
1037 1035 1223 1123 τριακόσιοι
1243 1037 1307 1124 μὲν

172 1153 227 1220 ἐπί
249 1155 364 1238 χιλίοις
383 1151 439 1218 καὶ
460 1153 592 1238 μυρίοις
613 1145 817 1237 ηὑρέθησαν.
863 1148 940 1215 Sall.
959 1154 1014 1215 27:
1045 1145 1308 1235 ὀκτακισχιλίους

171 1265 226 1332 ἐπὶ
258 1266 390 1350 μυρίοις
427 1259 634 1330 ἀπέκτειναν.
687 1260 843 1326 Similiter
875 1262 949 1327 Ant.
980 1267 1030 1327 el.
1065 1261 1160 1329 Galb.
1192 1265 1220 1327 2.
1266 1262 1310 1328 nt

171 1375 256 1462 πρὸς
277 1373 364 1460 apud
387 1373 524 1439 eundem
546 1374 649 1440 habes
671 1371 750 1438 Fab.
773 1372 859 1439 Max.
879 1379 915 1440 3:
946 1377 1205 1459 πεντακισχίλια
1225 1369 1309 1460 πρὸς

170 1491 311 1576 μυρίοις.
363 1486 474 1552 Them.
503 1491 560 1552 31:
598 1486 695 1554 πέντε
731 1483 815 1570 πρὸς
846 1495 918 1565 τοῖς
951 1485 1111 1574 ἑξήκοντα
1140 1483 1309 1573 βεβιωκὼς

172 1601 239 1688 ἔτη.
284 1599 360 1664 Luc.
384 1605 421 1664 7:
450 1601 559 1678 ίππεῐς
581 1599 617 1668 δὲ
639 1596 723 1683 πρὸς
744 1601 876 1684 μυρίοις
898 1597 1143 1684 ἑξακισχιλίους.
1188 1596 1309 1664 Similis

171 1719 224 1780 est
246 1712 332 1778 ratio
356 1711 502 1795 Dionysii
517 1710 600 1791 Hal,
623 1709 663 1776 cf.
677 1710 702 1791 1,
725 1715 761 1776 3:
782 1710 880 1778 πέντε
904 1711 959 1778 καί
972 1707 1221 1796 τεσσαράκοντα
1244 1705 1308 1796 ἤδη

170 1823 255 1913 πρὸς
282 1823 491 1903 ἑπτακοσίοις
519 1822 635 1891 ἔτεσιν.
682 1829 739 1889 74:
769 1822 826 1910 ἔτη
856 1826 1071 1910 περιείληφεν
1101 1825 1205 1890 είκοσι
1224 1819 1309 1906 πρὸς

170 1946 243 2017 τοῖς
265 1931 392 2004 ἑκατόν.
438 1941 493 2000 75;
517 1935 573 2023 ἔτη
595 1935 738 2020 τέσσαρα
760 1933 844 2021 πρὸς
865 1943 935 2014 τοῖς
956 1938 1090 2002 εἴκοσιν.
1135 1934 1216 2013 Li:
1245 1931 1309 2022 τὴν

171 2052 289 2136 τρίτην
310 2048 363 2115 ἐπὶ
385 2056 457 2127 ταῖς
479 2047 680 2134 ἐνενήκοντα
705 2048 760 2115 καί
790 2043 910 2116 ἑκατὸν
938 2042 1141 2133 ὀλυμπίασιν
1160 2041 1308 2132 ἀπεδείχ-

170 2169 292 2248 θησαν.
332 2165 371 2224 8:
396 2168 456 2246 τῆς
479 2157 601 2247 ὀγδόης
622 2161 677 2227 καί
711 2161 861 2247 είκοστῆς
891 2158 944 2226 ἐπὶ
973 2168 1046 2239 ταῖς
1068 2157 1189 2228 ἑκατὸν
1210 2154 1308 2245 citop—

172 2277 296 2340 πίασιν.
344 2278 400 2337 14:
431 2272 591 2357 τέσσαρας
618 2273 653 2340 δὲ
678 2272 731 2339 ἐπί
757 2281 828 2351 τοῖς
849 2275 953 2339 εἴκοσι
976 2274 1141 2351 σταδίους.
1186 2269 1228 2349 ΙΙ,
1250 2275 1308 2335 37:

176 2387 461 2470 πεντακισχιλίους
483 2384 536 2452 ἐπὶ
556 2383 619 2452 δύο
642 2382 800 2470 μυριάσιν
821 2383 952 2467 aliaque
974 2382 1145 2466 permulta

276 2497 308 2562 C.
354 2495 431 2560 Cum
455 2496 651 2561 accusativo.
1053 2521 1055 2526 ·

275 2608 312 2673 ln
329 2607 572 2692 praepositione
595 2607 648 2676 ἐπί
661 2613 780 2691 quarto
801 2608 891 2673 casui
911 2607 1067 2672 adiuncta
1083 2605 1171 2690 apud
1187 2605 1308 2690 Appia·

171 2741 250 2785 num
275 2740 338 2784 non
370 2741 501 2803 possum
529 2720 670 2800 referre,
708 2720 796 2802 quod
824 2740 845 2784 a
872 2719 1033 2782 communi
1055 2717 1152 2784 huius
1174 2717 1308 2784 voculae

172 2853 234 2897 usn
252 2831 393 2897 recedat

674 3035 807 3100 ΠΡΟΣ.

276 3168 366 3247 Quae
388 3168 466 3233 mihi
487 3168 583 3234 huius
603 3171 855 3254 praepositionis
881 3168 969 3254 apud
991 3168 1175 3253 Appianum
1197 3167 1307 3234 riden-

170 3287 228 3346 tur
248 3279 290 3346 ab
313 3281 495 3347 Atticorum
517 3301 665 3346 sermone
691 3282 888 3365 scriptorum
910 3281 1111 3364 discrepare,
1133 3279 1216 3346 haec
1238 3279 1306 3346 lare

171 3397 481 3458 commemorentur:

277 3507 312 3570 A.
357 3504 437 3570 Cum
460 3506 617 3588 genetivo.

275 3616 355 3682 Cum
375 3617 522 3700 genetivo
545 3619 750 3683 coniunctum
772 3615 856 3705 πρὸς
878 3617 1039 3683 hominem
1060 3637 1189 3700 quoque
1208 3615 1306 3700 sigui-

170 3728 259 3809 ficat,
280 3749 302 3793 a
323 3749 389 3812 quo
411 3729 498 3794 aetio
520 3728 631 3813 aliqua
651 3728 877 3814 proficiscitur,
898 3735 936 3796 ut
956 3735 1032 3813 post
1053 3728 1155 3794 verba
1175 3729 1307 3813 passiva

170 3841 224 3907 vel
251 3841 382 3926 passiva
411 3842 442 3906 vi
475 3842 601 3907 utentia
634 3840 784 3907 similiter
814 3840 1010 3907 adhibeatur
1038 3861 1081 3906 ac
1105 3841 1308 3925 praepositio

170 3951 247 4022 ὑπό.
292 3953 395 4032 Quom
417 3975 511 4018 usum
533 3973 670 4037 perraro
698 3952 787 4037 apud
808 3973 927 4038 prosae
949 3952 1107 4020 orationis
1129 3953 1305 4036 scriptores

170 4065 298 4130 Atticos
315 4065 452 4130 inveniri
466 4069 599 4130 monent
609 4065 812 4148 grammatici
823 4065 859 4150 ί).
905 4064 950 4129 Ut
971 4063 1119 4149 exemplo
1136 4070 1220 4144 utar,
1243 4063 1305 4128 hoc

277 4220 301 4289 l)
319 4219 354 4277 os.
374 4219 475 4276 Krebs.
493 4235 520 4289 p.
538 4219 581 4288 86,
599 4223 623 4273 4.

275 4306 301 4374 2)
321 4304 355 4359 ol.
375 4305 477 4375 Krueg.
495 4308 538 4375 52,
556 4308 598 4362 52.
