3074 4916
693 377 910 444 *46-

232 553 356 637 ἐτέρωυ
379 515 634 638 ἐξειργασμένου
656 551 797 638 λαμπρά.
844 551 933 616 Civil.
955 551 1009 632 IV,
1033 557 1111 616 ll2:
1134 552 1218 639 με’γα
1241 550 1284 620 άυ
1307 553 1369 637 είρ·

231 664 378 752 γάσαντο
407 663 490 731 κατὰ
529 672 598 732 τῶν
638 663 769 748 ἐτέρων.
815 663 963 728 Conferri
991 663 1098 744 lubet,
1128 685 1213 747 quae
1244 687 1267 729 ε.
1287 686 1314 729 v.
1338 665 1370 744 ἐς

230 799 261 860 p.
286 782 325 842 39
350 776 586 842 adnotavimus.

333 889 405 953 Ital.
430 896 458 969 5,
484 894 517 953 1:
540 887 623 974 κατά
648 893 817 976 Ῥωμαίων
845 887 1146 974 ἐκστρατεύσαντος
1169 890 1246 974 (τοῦ
1274 896 1369 975 Μαρ-

230 1002 329 1084 κίου).
363 1001 452 1066 civil.
475 1001 500 1081 Ι,
525 1006 579 1065 78:
603 1000 862 1085 στρατεύσοντες
885 1000 1017 1080 ἑκόντες
1038 1000 1122 1068 κατὰ
1145 1008 1301 1069 πολιτῶν.
1331 985 1371 1080 ΙΙ,

232 1119 290 1179 39:
338 1111 619 1198 στρατευσάμενοι
658 1109 732 1181 καθ’
779 1114 918 1182 ἑαυτῶν.
964 1113 1120 1178 Similiter
1157 1113 1246 1178 civil.
1279 1115 1304 1194 Ι,
1336 1115 1369 1178 2:

230 1235 399 1311 στρατεῖαι
420 1222 559 1313 μεγάλαι
586 1227 642 1293 καί
669 1229 772 1313 βίαιοι
799 1224 884 1293 κατὰ
913 1234 971 1312 τῆς
1000 1230 1162 1312 πατρίδος
1184 1226 1367 1312 ἐγίγνοντο.

229 1337 270 1416 ΙΙ,
294 1343 350 1402 28:
380 1338 516 1423 χρόνιον
546 1334 637 1425 αὐτηῖ
668 1336 731 1424 την
753 1343 929 1424 στρατείαν
951 1339 1006 1405 καὶ
1030 1339 1192 1406 ἐπίπονον
1214 1334 1289 1406 καθ’
1316 1338 1369 1406 ἐθ-

228 1458 299 1518 νῶν
319 1449 561 1536 μαχιμωτάτων
582 1450 765 1537 γεγονέναι.
790 1449 829 1514 of.
846 1451 899 1530 IV,
924 1456 978 1515 38:
1007 1448 1265 1537 ναυαρχήσαντα
1285 1449 1368 1518 κατὰ

230 1570 292 1630 τοῦ
306 1558 493 1630 Ἀντωνίου.
540 1561 577 1642 V,
602 1568 659 1627 31:
689 1572 760 1641 τοῖς
782 1570 965 1648 πολεμοῦσι
987 1561 1071 1630 κατὰ
1093 1572 1152 1648 τῆς
1174 1571 1289 1649 κοινῆς
1312 1567 1368 1630 δυ-

231 1678 391 1754 ναστείας.
437 1674 490 1755 lv,
515 1681 552 1740 9:
575 1684 638 1744 τοῦ
656 1670 731 1743 καθ’
758 1672 853 1761 ἡμῶν
875 1675 1031 1762 πολέμου.

333 1787 441 1852 Samn.
465 1791 498 1852 6:
536 1789 724 1875 Τυρρηνοῖς
756 1785 967 1874 συνεμάχουν
988 1784 1072 1854 κατὰ
1087 1784 1268 1873 Ῥωμαίων.
1315 1787 1370 1852 sic

230 1917 358 1982 semper
387 1898 456 1964 fere
482 1909 666 1986 συμμαχεῖν
690 1898 774 1968 κατά
804 1925 911 1980 τινος,
946 1899 985 1964 cf.
1016 1897 1102 1964 sicil.
1127 1905 1154 1963 l.
1182 1899 1369 1983 Hisp.100.

228 2011 311 2076 Mac.
335 2017 363 2091 9,
388 2018 415 2076 5.
441 2017 489 2091 ll,
516 2017 543 2076 7.
576 2011 645 2096 Syr.
671 2016 719 2076 16.
744 2018 794 2078 60.
823 2011 933 2077 Mithr.
958 2017 1008 2077 62.
1033 2017 1103 2077 121.
1128 2011 1217 2076 civil.
1239 2011 1292 2090 IV,
1318 2017 1369 2076 67.

228 2123 301 2188 Ηοο
327 2144 456 2207 quoque
482 2124 648 2207 pertinent
681 2124 746 2189 loci
769 2123 838 2209 Syr.
862 2129 920 2189 44:
952 2133 994 2213 τῇ
1016 2120 1084 2192 κατ’
1101 2121 1269 2209 Ἀντιόχου
1290 2141 1369 2209 συμ-

227 2240 336 2322 μαχία.
381 2234 485 2301 idem:
515 2235 604 2300 civil.
635 2236 691 2316 ΠΙ,
716 2227 780 2302 96.
796 2237 904 2301 Samn.
927 2241 963 2303 6:
1002 2244 1253 2323 μισθοφοροῦσι
1285 2233 1370 2302 κατὰ

223 2345 402 2434 Ῥωμαίων.
447 2347 549 2412 idem:
573 2348 657 2414 Gall.
680 2355 715 2413 11
732 2349 820 2434 (bis).
940 2375 942 2378 ·

332 2461 439 2526 Samn.
469 2467 497 2541 4,
528 2468 562 2527 4:
601 2459 650 2542 οίς
680 2458 822 2546 (ὅπλοις)
856 2459 1037 2548 ἐχρήσαντο
1076 2457 1127 2528 ἀεὶ
1156 2457 1231 2528 καθ’
1264 2457 1368 2547 ἡμῶν.

226 2572 322 2639 ibid.:
346 2563 367 2663 ᾗ
389 2599 455 2641 τινι
478 2571 620 2662 αἰσχύνη
644 2575 700 2641 καὶ
723 2569 818 2641 αὐτοὶ
842 2569 910 2640 κατ’
928 2570 1040 2641 άλλωυ
1057 2572 1249 2658 ἐχρήσαντο.
1295 2572 1369 2636 Alia

228 2685 378 2750 dictionis
400 2690 546 2772 χρῆσθαί
568 2712 634 2754 τινι
656 2685 743 2778 κατά
762 2710 853 2765 τινος
877 2686 1026 2769 exempla
1048 2687 1137 2768 legas
1161 2685 1250 2750 civil.
1268 2685 1292 2764 I,
1316 2690 1367 2749 34.

226 2796 283 2878 III,
308 2803 357 2862 31.
380 2805 430 2864 40.
454 2803 505 2862 47.
539 2799 575 2878 V,
600 2797 649 2863 24.
674 2804 724 2864 61.
760 2796 878 2876 of.111,
904 2803 961 2864 64:
990 2797 1053 2884 τὴν
1074 2796 1203 2885 βουλὴν
1225 2793 1368 2882 ἀποχρῆ-

117 2987 119 2994 .
231 2917 311 2976 σθαι
343 2913 376 2976 ολ
404 2905 473 2978 κατ’
504 2906 685 2979 Ἀντωνίου.
731 2910 772 2989 V,
796 2915 853 2975 28:
883 2918 1113 2997 καταχρῆσθαι
1140 2919 1210 2989 τοῖς
1239 2916 1368 2989 λοιποῖς

227 3018 295 3090 κατ’
322 3018 482 3109 ἀλλήλων.
594 3096 597 3101 ,

331 3133 505 3200 Variorum
539 3132 712 3198 verborum
743 3134 892 3218 exempla
925 3135 1008 3198 haec
1045 3132 1242 3199 efferantur:
1275 3133 1367 3216 Hisp.

231 3251 311 3311 101:
341 3246 373 3327 ἐς
398 3247 582 3333 ἐμφυλίους
611 3246 776 3332 πολέμους
804 3248 860 3314 καί
892 3245 1100 3333 στρατόπεδα
1122 3243 1206 3313 κατὰ
1228 3255 1286 3332 της
1309 3269 1368 3312 πα-

227 3362 339 3445 τρίδος
361 3359 581 3447 διηρημίνων.
626 3359 704 3423 Pun.
731 3365 808 3424 120:
841 3350 884 3444 ἦν
901 3357 993 3450 αὐτῷ
1014 3367 1116 3427 τοῦτο
1140 3357 1368 3444 στρατόπεδον

226 3469 310 3539 κατά
333 3479 403 3539 τῶν
425 3471 558 3557 ἐχθρῶν
581 3471 783 3559 ἐπιτείχισμα
807 3472 970 3559 ἐπίμηκες.
1016 3470 1098 3536 Mae.
1125 3476 1174 3544 ll,
1200 3476 1234 3534 l:
1265 3495 1368 3554 παρα-

228 3581 352 3670 σκευὴν
374 3582 515 3669 τοσήνδε
538 3578 606 3651 κατ’
630 3579 745 3650 αὐτῶν
768 3582 1003 3670 συναγαγόντι,
1029 3583 1068 3647 of.
1093 3583 1285 3662 Civil.1,1,0.
1307 3581 1369 3646 Mi-

226 3695 290 3759 thr.
315 3701 391 3760 112:
415 3692 577 3782 οὐδεμίαν
598 3695 681 3763 κατδι
700 3693 873 3781 Ῥωμαίων
897 3693 979 3765 ὁδὸν
1007 3696 1039 3776 ἐς
1061 3696 1271 3781 ἐπιχείρησιν.
1317 3693 1370 3758 ci-

227 3806 279 3871 vil.
301 3806 327 3886 I,
350 3812 386 3872 2:
410 3805 477 3876 κατ’
505 3803 657 3895 ἀλλήλων
680 3810 943 3894 ξενολογοῦντες.
973 3807 1053 3872 ibid.
1075 3813 1131 3872 38:
1155 3805 1369 3886 ἐπιπολάζον-

227 3945 283 3999 τος
306 3926 368 3986 τοῦ
397 3929 504 3988 κακοῦ
534 3919 618 3988 κατὰ
647 3930 717 3988 τῶν
747 3916 902 4006 ἀρίστων.
939 3925 997 3986 81:
1026 3919 1111 3988 κατὰ
1143 3929 1212 3988 τῶν
1235 3919 1371 4004 ἐχθρῶν

227 4027 287 4120 η’γέι.
325 4037 381 4096 θῦε
413 4028 502 4100 ταῦτ’
535 4029 656 4120 ἤκμαζε
686 4032 827 4119 μάλιστα
856 4030 941 4100 κατὰ
968 4041 1037 4100 τῶν
1059 4037 1238 4099 πλουσίων.
1272 4030 1371 4096 ibid.:

227 4143 311 4222 ἕξων
345 4144 494 4231 φρούρια
524 4144 608 4212 κατὰ
637 4153 696 4231 της
721 4139 867 4225 Ἰταλίας.
901 4145 942 4223 Π,
967 4149 1023 4209 22:
1065 4141 1263 4231 ὡπλισμένοι
1296 4139 1366 4210 κατ’

227 4250 393 4326 ἀνόπλων.
429 4263 486 4322 76:
516 4255 628 4325 τοιάδε
655 4252 723 4324 κατ’
755 4252 908 4350 ἀλλήλων
939 4255 1163 4347 ἐμηχανῶντο.
1197 4261 1240 4347 ,77
1252 4279 1259 4319 :
1287 4259 1373 4344 ξίφη

227 4366 369 4454 φέρουσι
397 4365 465 4437 κατ’
498 4365 659 4455 άλληλων.
699 4373 775 4434 109:
816 4369 950 4455 ἐχθροῖς
985 4367 1092 4456 λαβὴν
1126 4375 1261 4456 ζητοῦσι
1290 4365 1369 4435 καθ’
