<?xml version="1.0" encoding="UTF-8"?>
<!DOCTYPE html PUBLIC "-//W3C//DTD XHTML 1.0 Transitional//EN"
    "http://www.w3.org/TR/xhtml1/DTD/xhtml1-transitional.dtd">
<html xmlns="http://www.w3.org/1999/xhtml" xml:lang="en" lang="en">
 <head>
  <title>
</title>
<meta http-equiv="Content-Type" content="text/html;charset=utf-8" />
  <meta name='ocr-system' content='tesseract 3.04.00' />
  <meta name='ocr-capabilities' content='ocr_page ocr_carea ocr_par ocr_line ocrx_word'/>
</head>
<body>
  <div class='ocr_page' id='page_1' title='image "./depraepositionu00krumgoog_0042.png"; bbox 0 0 3074 4916; ppageno 0'>
   <div class='ocr_carea' id='block_1_1' title="bbox 660 303 877 365">
    <p class='ocr_par' dir='ltr' id='par_1_1' title="bbox 660 303 877 365">
     <span class='ocr_line' id='line_1_1' title="bbox 660 303 877 365; baseline -0.005 -15"><span class='ocrx_word' id='word_1_1' title='bbox 660 303 877 365; x_wconf 78' lang='lat'><strong>..37-</strong></span> 
     </span>
    </p>
   </div>
   <div class='ocr_carea' id='block_1_2' title="bbox 194 471 1336 4267">
    <p class='ocr_par' dir='ltr' id='par_1_2' title="bbox 197 471 1336 988">
     <span class='ocr_line' id='line_1_2' title="bbox 198 471 1336 556; baseline -0.001 -18"><span class='ocrx_word' id='word_1_2' title='bbox 198 473 234 554; x_wconf 74' lang='grc' dir='ltr'><strong><em>ἒς</em></strong></span> <span class='ocrx_word' id='word_1_3' title='bbox 257 474 376 539; x_wconf 81' lang='lat' dir='ltr'>dieitur</span> <span class='ocrx_word' id='word_1_4' title='bbox 402 473 591 538; x_wconf 76' lang='lat' dir='ltr'>deuotione</span> <span class='ocrx_word' id='word_1_5' title='bbox 614 471 757 556; x_wconf 84' lang='lat' dir='ltr'>quadam</span> <span class='ocrx_word' id='word_1_6' title='bbox 786 472 820 536; x_wconf 93' lang='lat' dir='ltr'><strong><em>in</em></strong></span> <span class='ocrx_word' id='word_1_7' title='bbox 846 471 1009 536; x_wconf 85' lang='lat' dir='ltr'>hominem</span> <span class='ocrx_word' id='word_1_8' title='bbox 1040 471 1181 555; x_wconf 81' lang='lat' dir='ltr'>aliquem</span> <span class='ocrx_word' id='word_1_9' title='bbox 1210 472 1336 538; x_wconf 77' lang='lat' dir='ltr'>directa</span> 
     </span>
     <span class='ocr_line' id='line_1_3' title="bbox 198 584 1335 669; baseline -0.001 -18"><span class='ocrx_word' id='word_1_10' title='bbox 198 587 268 651; x_wconf 85' lang='lat' dir='ltr'>eive</span> <span class='ocrx_word' id='word_1_11' title='bbox 288 586 374 652; x_wconf 93' lang='lat' dir='ltr'>bono</span> <span class='ocrx_word' id='word_1_12' title='bbox 396 586 464 650; x_wconf 82' lang='lat' dir='ltr'>eive</span> <span class='ocrx_word' id='word_1_13' title='bbox 485 585 611 650; x_wconf 82' lang='lat' dir='ltr'>infenso</span> <span class='ocrx_word' id='word_1_14' title='bbox 636 586 743 650; x_wconf 83' lang='lat' dir='ltr'>animo</span> <span class='ocrx_word' id='word_1_15' title='bbox 760 586 931 665; x_wconf 79' lang='lat' dir='ltr'>instructa,</span> <span class='ocrx_word' id='word_1_16' title='bbox 955 585 1047 650; x_wconf 86' lang='lat' dir='ltr'>ouius</span> <span class='ocrx_word' id='word_1_17' title='bbox 1070 584 1143 650; x_wconf 90' lang='lat' dir='ltr'>looo</span> <span class='ocrx_word' id='word_1_18' title='bbox 1166 584 1255 669; x_wconf 86' lang='lat' dir='ltr'>apud</span> <span class='ocrx_word' id='word_1_19' title='bbox 1278 588 1335 650; x_wconf 83' lang='lat' dir='ltr'><strong><em>At-</em></strong></span> 
     </span>
     <span class='ocr_line' id='line_1_4' title="bbox 197 695 1335 785; baseline -0.001 -22"><span class='ocrx_word' id='word_1_20' title='bbox 197 699 282 763; x_wconf 79' lang='lat' dir='ltr'>liooe</span> <span class='ocrx_word' id='word_1_21' title='bbox 304 697 496 783; x_wconf 85' lang='lat' dir='ltr'>plerumque</span> <span class='ocrx_word' id='word_1_22' title='bbox 517 697 601 785; x_wconf 87' lang='grc' dir='ltr'><strong><em>πρὸς</em></strong></span> <span class='ocrx_word' id='word_1_23' title='bbox 622 697 673 762; x_wconf 87' lang='lat' dir='ltr'><strong><em>vel</em></strong></span> <span class='ocrx_word' id='word_1_24' title='bbox 695 697 748 765; x_wconf 78' lang='grc' dir='ltr'><strong><em>ἐπὶ</em></strong></span> <span class='ocrx_word' id='word_1_25' title='bbox 770 697 951 781; x_wconf 80' lang='lat' dir='ltr'>particulas</span> <span class='ocrx_word' id='word_1_26' title='bbox 973 697 1050 781; x_wconf 92' lang='lat' dir='ltr'>poni</span> <span class='ocrx_word' id='word_1_27' title='bbox 1070 695 1157 762; x_wconf 86' lang='lat' dir='ltr'>infra</span> <span class='ocrx_word' id='word_1_28' title='bbox 1179 698 1240 763; x_wconf 85' lang='lat' dir='ltr'>tibi</span> <span class='ocrx_word' id='word_1_29' title='bbox 1262 720 1335 783; x_wconf 86' lang='lat' dir='ltr'>per·</span> 
     </span>
     <span class='ocr_line' id='line_1_5' title="bbox 198 809 1336 900; baseline -0.002 -24"><span class='ocrx_word' id='word_1_30' title='bbox 198 810 361 876; x_wconf 81' lang='lat' dir='ltr'><strong>suadebis.</strong></span> <span class='ocrx_word' id='word_1_31' title='bbox 414 809 645 895; x_wconf 83' lang='lat' dir='ltr'>Exemplorum</span> <span class='ocrx_word' id='word_1_32' title='bbox 682 831 767 894; x_wconf 85' lang='lat' dir='ltr'>quae</span> <span class='ocrx_word' id='word_1_33' title='bbox 814 814 1108 875; x_wconf 79' lang='lat' dir='ltr'>commemorentur</span> <span class='ocrx_word' id='word_1_34' title='bbox 1146 809 1336 900; x_wconf 73' lang='lat' dir='ltr'>dignissimo</span> 
     </span>
     <span class='ocr_line' id='line_1_6' title="bbox 198 922 532 988; baseline 0 0"><span class='ocrx_word' id='word_1_35' title='bbox 198 922 305 988; x_wconf 87' lang='lat' dir='ltr'>solum</span> <span class='ocrx_word' id='word_1_36' title='bbox 330 922 532 988; x_wconf 79' lang='lat' dir='ltr'>adscribam:</span> 
     </span>
    </p>

    <p class='ocr_par' dir='ltr' id='par_1_3' title="bbox 197 1031 1335 2470">
     <span class='ocr_line' id='line_1_7' title="bbox 303 1031 1334 1124; baseline 0.004 -24"><span class='ocrx_word' id='word_1_37' title='bbox 303 1037 339 1100; x_wconf 81' lang='lat' dir='ltr'><strong><em>A.</em></strong></span> <span class='ocrx_word' id='word_1_38' title='bbox 383 1034 529 1101; x_wconf 88' lang='lat' dir='ltr'>Prooem.</span> <span class='ocrx_word' id='word_1_39' title='bbox 557 1039 613 1100; x_wconf 82' lang='lat'><strong><em>12:</em></strong></span> <span class='ocrx_word' id='word_1_40' title='bbox 643 1039 828 1122; x_wconf 82' lang='grc' dir='ltr'><strong><em>συμμαχίας</em></strong></span> <span class='ocrx_word' id='word_1_41' title='bbox 856 1033 890 1114; x_wconf 84' lang='grc' dir='ltr'><strong><em>ές</em></strong></span> <span class='ocrx_word' id='word_1_42' title='bbox 917 1031 1000 1102; x_wconf 91' lang='grc' dir='ltr'><strong><em>ἀλλα</em></strong></span> <span class='ocrx_word' id='word_1_43' title='bbox 1031 1035 1115 1124; x_wconf 79' lang='grc' dir='ltr'><strong><em>έθνη</em></strong></span> <span class='ocrx_word' id='word_1_44' title='bbox 1144 1036 1334 1124; x_wconf 89' lang='grc' dir='ltr'><strong><em>γενομένας.</em></strong></span> 
     </span>
     <span class='ocr_line' id='line_1_8' title="bbox 198 1137 1333 1236; baseline 0.004 -23"><span class='ocrx_word' id='word_1_45' title='bbox 198 1147 286 1214; x_wconf 76' lang='lat' dir='ltr'>sicil.</span> <span class='ocrx_word' id='word_1_46' title='bbox 308 1154 342 1213; x_wconf 89' lang='lat'><strong><em>1:</em></strong></span> <span class='ocrx_word' id='word_1_47' title='bbox 365 1156 415 1234; x_wconf 74' lang='grc' dir='ltr'><strong><em>τῷ</em></strong></span> <span class='ocrx_word' id='word_1_48' title='bbox 439 1143 466 1215; x_wconf 78' lang='grc' dir='ltr'><strong><em>δ</em></strong></span> <span class='ocrx_word' id='word_1_49' title='bbox 492 1137 535 1234; x_wconf 80' lang='grc' dir='ltr'><strong><em>ἦν</em></strong></span> <span class='ocrx_word' id='word_1_50' title='bbox 558 1147 590 1228; x_wconf 81' lang='grc' dir='ltr'><strong><em>ές</em></strong></span> <span class='ocrx_word' id='word_1_51' title='bbox 612 1173 646 1216; x_wconf 87' lang='grc' dir='ltr'><strong><em>τε</em></strong></span> <span class='ocrx_word' id='word_1_52' title='bbox 669 1145 851 1234; x_wconf 82' lang='grc' dir='ltr'><em>Ῥωμαίους</em></span> <span class='ocrx_word' id='word_1_53' title='bbox 875 1148 930 1214; x_wconf 83' lang='grc' dir='ltr'><strong><em>καὶ</em></strong></span> <span class='ocrx_word' id='word_1_54' title='bbox 954 1152 1207 1236; x_wconf 78' lang='grc' dir='ltr'><strong><em>Καρχηδονίους</em></strong></span> <span class='ocrx_word' id='word_1_55' title='bbox 1230 1153 1304 1234; x_wconf 89' lang='grc' dir='ltr'><strong><em>φιλί</em></strong></span> <span class='ocrx_word' id='word_1_56' title='bbox 1327 1203 1333 1217; x_wconf 96' lang='grc'><strong><em>.</em></strong></span> 
     </span>
     <span class='ocr_line' id='line_1_9' title="bbox 198 1255 1334 1346; baseline 0.005 -22"><span class='ocrx_word' id='word_1_57' title='bbox 198 1260 289 1344; x_wconf 86' lang='lat' dir='ltr'>Hisp.</span> <span class='ocrx_word' id='word_1_58' title='bbox 315 1266 372 1327; x_wconf 85' lang='lat'><strong><em>79:</em></strong></span> <span class='ocrx_word' id='word_1_59' title='bbox 398 1259 562 1345; x_wconf 78' lang='grc' dir='ltr'><strong><em>ἔπρασσεν</em></strong></span> <span class='ocrx_word' id='word_1_60' title='bbox 583 1255 625 1340; x_wconf 79' lang='grc' dir='ltr'><strong><em>-ἒς</em></strong></span> <span class='ocrx_word' id='word_1_61' title='bbox 654 1258 733 1340; x_wconf 82' lang='grc' dir='ltr'><strong><em>τοὺς</em></strong></span> <span class='ocrx_word' id='word_1_62' title='bbox 759 1264 996 1346; x_wconf 78' lang='grc' dir='ltr'><strong><em>Νομαντίνους</em></strong></span> <span class='ocrx_word' id='word_1_63' title='bbox 1019 1259 1134 1345; x_wconf 84' lang='grc' dir='ltr'><strong><em>κρύφα</em></strong></span> <span class='ocrx_word' id='word_1_64' title='bbox 1156 1271 1218 1329; x_wconf 87' lang='grc' dir='ltr'><strong><em>τοῦ</em></strong></span> <span class='ocrx_word' id='word_1_65' title='bbox 1240 1262 1334 1330; x_wconf 86' lang='grc' dir='ltr'><strong><em>πολέ-</em></strong></span> 
     </span>
     <span class='ocr_line' id='line_1_10' title="bbox 197 1361 1333 1461; baseline -0.002 -21"><span class='ocrx_word' id='word_1_66' title='bbox 197 1399 266 1460; x_wconf 89' lang='grc' dir='ltr'><strong><em>μου</em></strong></span> <span class='ocrx_word' id='word_1_67' title='bbox 291 1370 465 1453; x_wconf 81' lang='grc' dir='ltr'><strong><em>διαλύσεις.</em></strong></span> <span class='ocrx_word' id='word_1_68' title='bbox 509 1371 588 1436; x_wconf 90' lang='lat' dir='ltr'>Pun.</span> <span class='ocrx_word' id='word_1_69' title='bbox 613 1379 647 1439; x_wconf 83' lang='lat'><strong><em>5:</em></strong></span> <span class='ocrx_word' id='word_1_70' title='bbox 686 1375 837 1461; x_wconf 78' lang='grc' dir='ltr'><strong><em>εἰρηναῖα</em></strong></span> <span class='ocrx_word' id='word_1_71' title='bbox 867 1361 909 1458; x_wconf 89' lang='grc' dir='ltr'><strong><em>ήν</em></strong></span> <span class='ocrx_word' id='word_1_72' title='bbox 946 1370 980 1452; x_wconf 84' lang='grc' dir='ltr'><strong><em>ές</em></strong></span> <span class='ocrx_word' id='word_1_73' title='bbox 1005 1368 1177 1460; x_wconf 92' lang='grc' dir='ltr'><strong><em>ἀλλήλους.</em></strong></span> <span class='ocrx_word' id='word_1_74' title='bbox 1223 1373 1333 1439; x_wconf 77' lang='lat' dir='ltr'>Mithr.</span> 
     </span>
     <span class='ocr_line' id='line_1_11' title="bbox 201 1480 1333 1574; baseline 0 -24"><span class='ocrx_word' id='word_1_75' title='bbox 201 1489 260 1551; x_wconf 86' lang='lat'><strong><em>13:</em></strong></span> <span class='ocrx_word' id='word_1_76' title='bbox 290 1483 324 1564; x_wconf 84' lang='grc' dir='ltr'><strong><em>ές</em></strong></span> <span class='ocrx_word' id='word_1_77' title='bbox 354 1485 389 1554; x_wconf 84' lang='grc' dir='ltr'><strong><em>δέ</em></strong></span> <span class='ocrx_word' id='word_1_78' title='bbox 412 1481 474 1553; x_wconf 91' lang='grc' dir='ltr'><strong><em>τὸν</em></strong></span> <span class='ocrx_word' id='word_1_79' title='bbox 492 1480 661 1571; x_wconf 75' lang='grc' dir='ltr'><strong><em>Ἀρμένιον</em></strong></span> <span class='ocrx_word' id='word_1_80' title='bbox 684 1481 775 1574; x_wconf 80' lang='grc' dir='ltr'><strong><em>αὐτῷ</em></strong></span> <span class='ocrx_word' id='word_1_81' title='bbox 805 1486 861 1551; x_wconf 81' lang='grc' dir='ltr'><strong><em>καὶ</em></strong></span> <span class='ocrx_word' id='word_1_82' title='bbox 891 1483 1048 1572; x_wconf 87' lang='grc' dir='ltr'><strong><em>έπνγαμία</em></strong></span> <span class='ocrx_word' id='word_1_83' title='bbox 1076 1484 1224 1572; x_wconf 88' lang='grc' dir='ltr'><strong><em>γέγονεν.</em></strong></span> <span class='ocrx_word' id='word_1_84' title='bbox 1256 1486 1333 1551; x_wconf 91' lang='lat' dir='ltr'>ibid.</span> 
     </span>
     <span class='ocr_line' id='line_1_12' title="bbox 200 1593 1333 1685; baseline -0.001 -22"><span class='ocrx_word' id='word_1_85' title='bbox 200 1603 259 1663; x_wconf 85' lang='lat'><strong><em>51:</em></strong></span> <span class='ocrx_word' id='word_1_86' title='bbox 287 1605 346 1685; x_wconf 87' lang='grc' dir='ltr'><strong><em>τής</em></strong></span> <span class='ocrx_word' id='word_1_87' title='bbox 366 1601 559 1684; x_wconf 76' lang='grc' dir='ltr'><strong><em>συγγενείας</em></strong></span> <span class='ocrx_word' id='word_1_88' title='bbox 588 1605 647 1683; x_wconf 79' lang='grc' dir='ltr'><strong><em>τῆς</em></strong></span> <span class='ocrx_word' id='word_1_89' title='bbox 669 1593 772 1684; x_wconf 82' lang='grc' dir='ltr'><strong><em>οάσης</em></strong></span> <span class='ocrx_word' id='word_1_90' title='bbox 794 1596 827 1677; x_wconf 85' lang='grc' dir='ltr'><strong><em>ές</em></strong></span> <span class='ocrx_word' id='word_1_91' title='bbox 844 1594 1027 1683; x_wconf 87' lang='grc' dir='ltr'><strong><em>Ῥωμαίους</em></strong></span> <span class='ocrx_word' id='word_1_92' title='bbox 1049 1595 1208 1666; x_wconf 79' lang='grc' dir='ltr'><strong><em>Ἰλιεῦσιν.</em></strong></span> <span class='ocrx_word' id='word_1_93' title='bbox 1245 1598 1333 1664; x_wconf 80' lang='lat' dir='ltr'>civil.</span> 
     </span>
     <span class='ocr_line' id='line_1_13' title="bbox 198 1705 1334 1797; baseline 0.002 -24"><span class='ocrx_word' id='word_1_94' title='bbox 198 1710 239 1789; x_wconf 86' lang='lat'><strong><em>11,</em></strong></span> <span class='ocrx_word' id='word_1_95' title='bbox 262 1715 322 1776; x_wconf 80' lang='lat'><strong><em>42:</em></strong></span> <span class='ocrx_word' id='word_1_96' title='bbox 350 1707 507 1796; x_wconf 75' lang='grc' dir='ltr'><strong><em>ἐπιμιξίαι</em></strong></span> <span class='ocrx_word' id='word_1_97' title='bbox 534 1735 569 1776; x_wconf 88' lang='grc' dir='ltr'><strong><em>τε</em></strong></span> <span class='ocrx_word' id='word_1_98' title='bbox 592 1706 625 1790; x_wconf 83' lang='grc' dir='ltr'><strong><em>ές</em></strong></span> <span class='ocrx_word' id='word_1_99' title='bbox 654 1705 818 1796; x_wconf 79' lang='grc' dir='ltr'><strong><em>ἀλλήλους</em></strong></span> <span class='ocrx_word' id='word_1_100' title='bbox 848 1708 1023 1797; x_wconf 76' lang='grc' dir='ltr'><strong><em>ἐγίγνοντο</em></strong></span> <span class='ocrx_word' id='word_1_101' title='bbox 1055 1719 1211 1795; x_wconf 87' lang='grc' dir='ltr'><strong><em>συνεχεῖς.</em></strong></span> <span class='ocrx_word' id='word_1_102' title='bbox 1255 1711 1334 1776; x_wconf 90' lang='lat' dir='ltr'><strong>ibid.</strong></span> 
     </span>
     <span class='ocr_line' id='line_1_14' title="bbox 201 1819 1335 1909; baseline 0.005 -23"><span class='ocrx_word' id='word_1_103' title='bbox 201 1826 279 1887; x_wconf 82' lang='lat'>141:</span> <span class='ocrx_word' id='word_1_104' title='bbox 314 1819 428 1890; x_wconf 78' lang='grc' dir='ltr'><strong><em>εὔνοια</em></strong></span> <span class='ocrx_word' id='word_1_105' title='bbox 450 1820 513 1908; x_wconf 86' lang='grc' dir='ltr'><strong><em>γὰρ</em></strong></span> <span class='ocrx_word' id='word_1_106' title='bbox 541 1819 574 1901; x_wconf 83' lang='grc' dir='ltr'><strong><em>ές</em></strong></span> <span class='ocrx_word' id='word_1_107' title='bbox 596 1819 784 1906; x_wconf 80' lang='grc' dir='ltr'><strong><em>τυράννους</em></strong></span> <span class='ocrx_word' id='word_1_108' title='bbox 814 1825 964 1909; x_wconf 91' lang='grc' dir='ltr'><strong><em>γίγνεται</em></strong></span> <span class='ocrx_word' id='word_1_109' title='bbox 987 1820 1193 1908; x_wconf 86' lang='grc' dir='ltr'><strong><em>δορυφόρων</em></strong></span> <span class='ocrx_word' id='word_1_110' title='bbox 1214 1821 1251 1891; x_wconf 88' lang='grc' dir='ltr'><strong><em>έιι</em></strong></span> <span class='ocrx_word' id='word_1_111' title='bbox 1273 1833 1335 1892; x_wconf 85' lang='grc' dir='ltr'><strong><em>τοῦ</em></strong></span> 
     </span>
     <span class='ocr_line' id='line_1_15' title="bbox 198 1931 1334 2022; baseline 0 -19"><span class='ocrx_word' id='word_1_112' title='bbox 198 1938 400 2003; x_wconf 81' lang='grc' dir='ltr'><strong><em>συναδικεῖν.</em></strong></span> <span class='ocrx_word' id='word_1_113' title='bbox 444 1934 498 2013; x_wconf 90' lang='lat' dir='ltr'><strong><em>IV,</em></strong></span> <span class='ocrx_word' id='word_1_114' title='bbox 522 1938 579 1999; x_wconf 85' lang='lat'><strong><em>36:</em></strong></span> <span class='ocrx_word' id='word_1_115' title='bbox 609 1931 845 2022; x_wconf 79' lang='grc' dir='ltr'><strong><em>λαμπροτάτην</em></strong></span> <span class='ocrx_word' id='word_1_116' title='bbox 875 1932 939 2020; x_wconf 86' lang='grc' dir='ltr'><strong><em>γὰρ</em></strong></span> <span class='ocrx_word' id='word_1_117' title='bbox 962 1932 1004 2022; x_wconf 83' lang='grc' dir='ltr'><strong><em>δή</em></strong></span> <span class='ocrx_word' id='word_1_118' title='bbox 1024 1932 1178 2022; x_wconf 84' lang='grc' dir='ltr'><strong><em>σπουδήν</em></strong></span> <span class='ocrx_word' id='word_1_119' title='bbox 1200 1933 1233 2016; x_wconf 82' lang='grc' dir='ltr'><strong><em>ές</em></strong></span> <span class='ocrx_word' id='word_1_120' title='bbox 1254 1933 1334 2015; x_wconf 85' lang='grc' dir='ltr'><strong><em>τοὺς</em></strong></span> 
     </span>
     <span class='ocr_line' id='line_1_16' title="bbox 198 2043 1334 2132; baseline 0.001 -18"><span class='ocrx_word' id='word_1_121' title='bbox 198 2045 473 2132; x_wconf 88' lang='grc' dir='ltr'><strong><em>ἀτυχοῦντας</em></strong></span> <span class='ocrx_word' id='word_1_122' title='bbox 497 2046 628 2127; x_wconf 79' lang='grc' dir='ltr'><strong><em>ἔδειξεν.</em></strong></span> <span class='ocrx_word' id='word_1_123' title='bbox 645 2046 737 2112; x_wconf 70' lang='lat' dir='ltr'>ibin:</span> <span class='ocrx_word' id='word_1_124' title='bbox 762 2049 894 2114; x_wconf 84' lang='grc' dir='ltr'><strong><em>παίδων</em></strong></span> <span class='ocrx_word' id='word_1_125' title='bbox 916 2045 949 2127; x_wconf 85' lang='grc' dir='ltr'><strong><em>ές</em></strong></span> <span class='ocrx_word' id='word_1_126' title='bbox 962 2047 1105 2132; x_wconf 84' lang='grc' dir='ltr'><strong><em>πατέρας</em></strong></span> <span class='ocrx_word' id='word_1_127' title='bbox 1128 2043 1256 2115; x_wconf 81' lang='grc' dir='ltr'><strong><em>εὔνοιαι</em></strong></span> <span class='ocrx_word' id='word_1_128' title='bbox 1278 2050 1334 2116; x_wconf 83' lang='grc' dir='ltr'><strong><em>καὶ</em></strong></span> 
     </span>
     <span class='ocr_line' id='line_1_17' title="bbox 197 2155 1333 2247; baseline 0.002 -21"><span class='ocrx_word' id='word_1_129' title='bbox 197 2156 419 2243; x_wconf 80' lang='grc' dir='ltr'><strong><em>θεραπόντων</em></strong></span> <span class='ocrx_word' id='word_1_130' title='bbox 447 2158 481 2238; x_wconf 84' lang='grc' dir='ltr'><strong><em>ές</em></strong></span> <span class='ocrx_word' id='word_1_131' title='bbox 502 2156 681 2240; x_wconf 85' lang='grc' dir='ltr'><strong><em>δεσπότας,</em></strong></span> <span class='ocrx_word' id='word_1_132' title='bbox 712 2155 917 2247; x_wconf 76' lang='grc' dir='ltr'><strong><em>(ὤφθησαν).</em></strong></span> <span class='ocrx_word' id='word_1_133' title='bbox 952 2164 1006 2225; x_wconf 88' lang='lat'><strong><em>38:</em></strong></span> <span class='ocrx_word' id='word_1_134' title='bbox 1030 2158 1209 2246; x_wconf 82' lang='grc' dir='ltr'><strong><em>διαλλαγὰς</em></strong></span> <span class='ocrx_word' id='word_1_135' title='bbox 1220 2156 1333 2228; x_wconf 76' lang='grc' dir='ltr'><strong><em>Ἀντω-</em></strong></span> 
     </span>
     <span class='ocr_line' id='line_1_18' title="bbox 197 2262 1333 2360; baseline 0.002 -21"><span class='ocrx_word' id='word_1_136' title='bbox 197 2275 260 2360; x_wconf 83' lang='grc' dir='ltr'><strong><em>νίῳ</em></strong></span> <span class='ocrx_word' id='word_1_137' title='bbox 283 2272 338 2338; x_wconf 82' lang='grc' dir='ltr'><strong><em>καλ</em></strong></span> <span class='ocrx_word' id='word_1_138' title='bbox 360 2275 505 2356; x_wconf 87' lang='grc' dir='ltr'><strong><em>Καίσαρι</em></strong></span> <span class='ocrx_word' id='word_1_139' title='bbox 527 2267 560 2351; x_wconf 86' lang='grc' dir='ltr'><strong><em>ές</em></strong></span> <span class='ocrx_word' id='word_1_140' title='bbox 589 2267 752 2359; x_wconf 82' lang='grc' dir='ltr'><strong><em>ἀλλήλους</em></strong></span> <span class='ocrx_word' id='word_1_141' title='bbox 775 2269 1015 2358; x_wconf 83' lang='grc' dir='ltr'><strong><em>έπόρθμευσεν.</em></strong></span> <span class='ocrx_word' id='word_1_142' title='bbox 1051 2277 1130 2338; x_wconf 84' lang='grc'><strong>125;</strong></span> <span class='ocrx_word' id='word_1_143' title='bbox 1160 2262 1203 2359; x_wconf 84' lang='grc' dir='ltr'><strong><em>ήν</em></strong></span> <span class='ocrx_word' id='word_1_144' title='bbox 1231 2297 1333 2358; x_wconf 85' lang='grc' dir='ltr'><strong><em>παρα-</em></strong></span> 
     </span>
     <span class='ocr_line' id='line_1_19' title="bbox 197 2381 810 2470; baseline -0.002 -18"><span class='ocrx_word' id='word_1_145' title='bbox 197 2385 346 2465; x_wconf 79' lang='grc' dir='ltr'><strong><em>κέλευσίς</em></strong></span> <span class='ocrx_word' id='word_1_146' title='bbox 367 2409 402 2451; x_wconf 88' lang='grc' dir='ltr'><strong><em>τε</em></strong></span> <span class='ocrx_word' id='word_1_147' title='bbox 425 2381 563 2451; x_wconf 83' lang='grc' dir='ltr'><strong><em>πάντων</em></strong></span> <span class='ocrx_word' id='word_1_148' title='bbox 585 2381 618 2463; x_wconf 84' lang='grc' dir='ltr'><strong><em>ές</em></strong></span> <span class='ocrx_word' id='word_1_149' title='bbox 639 2381 810 2470; x_wconf 80' lang='grc' dir='ltr'><strong><em>ἀλλήλους.</em></strong></span> 
     </span>
    </p>

    <p class='ocr_par' dir='ltr' id='par_1_4' title="bbox 197 2494 1334 2786">
     <span class='ocr_line' id='line_1_20' title="bbox 300 2494 1334 2580; baseline 0.004 -21"><span class='ocrx_word' id='word_1_150' title='bbox 300 2494 337 2559; x_wconf 89' lang='grc' dir='ltr'><strong><em>Β.</em></strong></span> <span class='ocrx_word' id='word_1_151' title='bbox 381 2495 523 2576; x_wconf 87' lang='lat' dir='ltr'>Illorum,</span> <span class='ocrx_word' id='word_1_152' title='bbox 547 2495 665 2580; x_wconf 87' lang='lat' dir='ltr'>quibus</span> <span class='ocrx_word' id='word_1_153' title='bbox 687 2495 826 2562; x_wconf 80' lang='lat' dir='ltr'>infectus</span> <span class='ocrx_word' id='word_1_154' title='bbox 849 2497 975 2562; x_wconf 83' lang='lat' dir='ltr'>animus</span> <span class='ocrx_word' id='word_1_155' title='bbox 993 2497 1165 2577; x_wconf 77' lang='lat' dir='ltr'>indicatur,</span> <span class='ocrx_word' id='word_1_156' title='bbox 1188 2498 1334 2563; x_wconf 79' lang='lat' dir='ltr'>locorum</span> 
     </span>
     <span class='ocr_line' id='line_1_21' title="bbox 197 2607 1334 2695; baseline 0.001 -21"><span class='ocrx_word' id='word_1_157' title='bbox 197 2629 272 2674; x_wconf 88' lang='lat' dir='ltr'><strong><em>oum</em></strong></span> <span class='ocrx_word' id='word_1_158' title='bbox 302 2608 416 2694; x_wconf 82' lang='lat' dir='ltr'>ingens</span> <span class='ocrx_word' id='word_1_159' title='bbox 441 2628 595 2673; x_wconf 84' lang='lat' dir='ltr'>numerus</span> <span class='ocrx_word' id='word_1_160' title='bbox 623 2629 734 2674; x_wconf 84' lang='lat' dir='ltr'>omnes</span> <span class='ocrx_word' id='word_1_161' title='bbox 758 2607 906 2695; x_wconf 88' lang='lat' dir='ltr'>proferre</span> <span class='ocrx_word' id='word_1_162' title='bbox 935 2631 987 2674; x_wconf 89' lang='lat' dir='ltr'><strong><em>me</em></strong></span> <span class='ocrx_word' id='word_1_163' title='bbox 1010 2615 1112 2689; x_wconf 77' lang='lat' dir='ltr'>vetet,</span> <span class='ocrx_word' id='word_1_164' title='bbox 1141 2609 1176 2674; x_wconf 92' lang='lat' dir='ltr'><strong><em>hi</em></strong></span> <span class='ocrx_word' id='word_1_165' title='bbox 1203 2611 1334 2695; x_wconf 83' lang='lat' dir='ltr'>potissi·</span> 
     </span>
     <span class='ocr_line' id='line_1_22' title="bbox 197 2720 519 2786; baseline -0.003 0"><span class='ocrx_word' id='word_1_166' title='bbox 197 2742 286 2786; x_wconf 90' lang='lat' dir='ltr'><strong><em>mum</em></strong></span> <span class='ocrx_word' id='word_1_167' title='bbox 308 2720 519 2785; x_wconf 80' lang='lat' dir='ltr'>denotentur:</span> 
     </span>
    </p>

    <p class='ocr_par' dir='ltr' id='par_1_5' title="bbox 194 2831 1334 4267">
     <span class='ocr_line' id='line_1_23' title="bbox 301 2831 1334 2922; baseline 0.006 -26"><span class='ocrx_word' id='word_1_168' title='bbox 301 2832 447 2898; x_wconf 88' lang='lat' dir='ltr'>Prooem.</span> <span class='ocrx_word' id='word_1_169' title='bbox 481 2837 536 2897; x_wconf 85' lang='lat'><strong><em>13:</em></strong></span> <span class='ocrx_word' id='word_1_170' title='bbox 571 2835 603 2900; x_wconf 84' lang='grc' dir='ltr'><strong><em>οί</em></strong></span> <span class='ocrx_word' id='word_1_171' title='bbox 632 2835 668 2902; x_wconf 80' lang='grc' dir='ltr'><strong><em>δέ</em></strong></span> <span class='ocrx_word' id='word_1_172' title='bbox 699 2839 840 2901; x_wconf 89' lang='grc' dir='ltr'><strong><em>Λατῖνοι</em></strong></span> <span class='ocrx_word' id='word_1_173' title='bbox 869 2831 1057 2922; x_wconf 78' lang='grc' dir='ltr'><strong><em>ἐγκλήματα</em></strong></span> <span class='ocrx_word' id='word_1_174' title='bbox 1086 2833 1119 2916; x_wconf 84' lang='grc' dir='ltr'><strong><em>ές</em></strong></span> <span class='ocrx_word' id='word_1_175' title='bbox 1151 2833 1334 2921; x_wconf 87' lang='grc' dir='ltr'><strong><em>Ῥωμαίους</em></strong></span> 
     </span>
     <span class='ocr_line' id='line_1_24' title="bbox 197 2943 1333 3033; baseline 0.003 -22"><span class='ocrx_word' id='word_1_176' title='bbox 197 2945 386 3013; x_wconf 70' lang='grc' dir='ltr'><strong><em>ἐποιοῦντο.</em></strong></span> <span class='ocrx_word' id='word_1_177' title='bbox 430 2944 534 3009; x_wconf 88' lang='lat' dir='ltr'>idem:</span> <span class='ocrx_word' id='word_1_178' title='bbox 562 2945 669 3010; x_wconf 81' lang='lat' dir='ltr'>Somn.</span> <span class='ocrx_word' id='word_1_179' title='bbox 694 2951 722 3026; x_wconf 84' lang='lat'><strong><em>7,</em></strong></span> <span class='ocrx_word' id='word_1_180' title='bbox 748 2952 774 3011; x_wconf 95' lang='lat'><strong><em>1.</em></strong></span> <span class='ocrx_word' id='word_1_181' title='bbox 799 2945 954 3012; x_wconf 86' lang='lat' dir='ltr'>Similiter</span> <span class='ocrx_word' id='word_1_182' title='bbox 976 2947 1055 3012; x_wconf 92' lang='lat' dir='ltr'>Pun.</span> <span class='ocrx_word' id='word_1_183' title='bbox 1080 2954 1114 3014; x_wconf 89' lang='lat'><strong><em>5:</em></strong></span> <span class='ocrx_word' id='word_1_184' title='bbox 1146 2943 1333 3033; x_wconf 77' lang='grc' dir='ltr'><strong><em>ἐγκλήματα</em></strong></span> 
     </span>
     <span class='ocr_line' id='line_1_25' title="bbox 196 3056 1333 3145; baseline 0 -19"><span class='ocrx_word' id='word_1_185' title='bbox 196 3059 295 3144; x_wconf 82' lang='grc' dir='ltr'><strong><em>ἔχειν,</em></strong></span> <span class='ocrx_word' id='word_1_186' title='bbox 323 3056 363 3122; x_wconf 85' lang='lat' dir='ltr'><strong><em>of.</em></strong></span> <span class='ocrx_word' id='word_1_187' title='bbox 393 3056 504 3122; x_wconf 83' lang='lat' dir='ltr'>Mithr.</span> <span class='ocrx_word' id='word_1_188' title='bbox 537 3062 606 3123; x_wconf 81' lang='lat'>106.</span> <span class='ocrx_word' id='word_1_189' title='bbox 644 3057 735 3141; x_wconf 85' lang='lat' dir='ltr'>Hiep.</span> <span class='ocrx_word' id='word_1_190' title='bbox 760 3065 794 3123; x_wconf 83' lang='lat'><strong><em>9:</em></strong></span> <span class='ocrx_word' id='word_1_191' title='bbox 825 3061 948 3145; x_wconf 82' lang='grc' dir='ltr'><strong><em>ῥαδίως</em></strong></span> <span class='ocrx_word' id='word_1_192' title='bbox 984 3057 1017 3139; x_wconf 77' lang='grc' dir='ltr'><strong><em>ἐς</em></strong></span> <span class='ocrx_word' id='word_1_193' title='bbox 1047 3056 1221 3145; x_wconf 81' lang='grc' dir='ltr'><strong><em>εὐεργέτας</em></strong></span> <span class='ocrx_word' id='word_1_194' title='bbox 1251 3059 1333 3141; x_wconf 89' lang='grc' dir='ltr'><strong><em>πρὸς</em></strong></span> 
     </span>
     <span class='ocr_line' id='line_1_26' title="bbox 194 3167 1331 3258; baseline 0 -21"><span class='ocrx_word' id='word_1_195' title='bbox 194 3167 392 3256; x_wconf 78' lang='grc' dir='ltr'><strong><em>ἀχαριστίαν</em></strong></span> <span class='ocrx_word' id='word_1_196' title='bbox 413 3169 637 3256; x_wconf 81' lang='grc' dir='ltr'><strong><em>τρεπομένων.</em></strong></span> <span class='ocrx_word' id='word_1_197' title='bbox 667 3168 750 3235; x_wconf 82' lang='lat' dir='ltr'>Meo.</span> <span class='ocrx_word' id='word_1_198' title='bbox 776 3176 824 3251; x_wconf 90' lang='lat'><strong><em>11,</em></strong></span> <span class='ocrx_word' id='word_1_199' title='bbox 848 3175 882 3235; x_wconf 90' lang='lat'><strong><em>8:</em></strong></span> <span class='ocrx_word' id='word_1_200' title='bbox 914 3172 969 3238; x_wconf 82' lang='grc' dir='ltr'><strong><em>καὶ</em></strong></span> <span class='ocrx_word' id='word_1_201' title='bbox 999 3169 1045 3258; x_wconf 87' lang='grc' dir='ltr'><strong><em>μή</em></strong></span> <span class='ocrx_word' id='word_1_202' title='bbox 1076 3171 1225 3258; x_wconf 86' lang='grc' dir='ltr'><strong><em>πολέμου</em></strong></span> <span class='ocrx_word' id='word_1_203' title='bbox 1256 3196 1331 3238; x_wconf 88' lang='grc' dir='ltr'><strong><em>κατ-</em></strong></span> 
     </span>
     <span class='ocr_line' id='line_1_27' title="bbox 194 3278 1332 3368; baseline 0 -18"><span class='ocrx_word' id='word_1_204' title='bbox 194 3281 311 3367; x_wconf 85' lang='grc' dir='ltr'><strong><em>ἀρχειν</em></strong></span> <span class='ocrx_word' id='word_1_205' title='bbox 332 3278 455 3362; x_wconf 84' lang='grc' dir='ltr'><strong><em>ἀδίκως</em></strong></span> <span class='ocrx_word' id='word_1_206' title='bbox 485 3280 518 3362; x_wconf 87' lang='grc' dir='ltr'><strong><em>ές</em></strong></span> <span class='ocrx_word' id='word_1_207' title='bbox 548 3285 677 3368; x_wconf 84' lang='grc' dir='ltr'><strong><em>φίλους.</em></strong></span> <span class='ocrx_word' id='word_1_208' title='bbox 708 3281 811 3347; x_wconf 88' lang='lat' dir='ltr'>idern:</span> <span class='ocrx_word' id='word_1_209' title='bbox 845 3282 913 3367; x_wconf 80' lang='lat' dir='ltr'>Syr.</span> <span class='ocrx_word' id='word_1_210' title='bbox 933 3286 982 3348; x_wconf 84' lang='lat'><strong><em>39.</em></strong></span> <span class='ocrx_word' id='word_1_211' title='bbox 1014 3283 1124 3347; x_wconf 83' lang='lat' dir='ltr'>Mithr.</span> <span class='ocrx_word' id='word_1_212' title='bbox 1149 3287 1205 3348; x_wconf 88' lang='lat'><strong><em>34:</em></strong></span> <span class='ocrx_word' id='word_1_213' title='bbox 1235 3281 1332 3366; x_wconf 81' lang='grc' dir='ltr'><strong><em>ε’πυρ-</em></strong></span> 
     </span>
     <span class='ocr_line' id='line_1_28' title="bbox 194 3390 1333 3482; baseline 0 -20"><span class='ocrx_word' id='word_1_214' title='bbox 194 3391 369 3482; x_wconf 85' lang='grc' dir='ltr'><strong><em>γομάχουν</em></strong></span> <span class='ocrx_word' id='word_1_215' title='bbox 399 3392 432 3474; x_wconf 77' lang='grc' dir='ltr'><strong><em>ἐς</em></strong></span> <span class='ocrx_word' id='word_1_216' title='bbox 460 3390 632 3481; x_wconf 88' lang='grc' dir='ltr'><strong><em>ἀλλήλους.</em></strong></span> <span class='ocrx_word' id='word_1_217' title='bbox 685 3393 775 3458; x_wconf 84' lang='lat' dir='ltr'>Oivil.</span> <span class='ocrx_word' id='word_1_218' title='bbox 795 3394 820 3474; x_wconf 94' lang='grc' dir='ltr'><strong><em>Ι,</em></strong></span> <span class='ocrx_word' id='word_1_219' title='bbox 846 3400 900 3460; x_wconf 87' lang='lat'><strong><em>19:</em></strong></span> <span class='ocrx_word' id='word_1_220' title='bbox 933 3404 1029 3481; x_wconf 90' lang='grc' dir='ltr'><strong><em>μῖσος</em></strong></span> <span class='ocrx_word' id='word_1_221' title='bbox 1059 3391 1182 3482; x_wconf 88' lang='grc' dir='ltr'><strong><em>ήρχατο</em></strong></span> <span class='ocrx_word' id='word_1_222' title='bbox 1212 3393 1244 3475; x_wconf 77' lang='grc' dir='ltr'><strong><em>ἐς</em></strong></span> <span class='ocrx_word' id='word_1_223' title='bbox 1273 3391 1333 3462; x_wconf 91' lang='grc' dir='ltr'><strong><em>τὸν</em></strong></span> 
     </span>
     <span class='ocr_line' id='line_1_29' title="bbox 202 3503 1333 3594; baseline -0.002 -20"><span class='ocrx_word' id='word_1_224' title='bbox 202 3510 388 3574; x_wconf 76' lang='grc' dir='ltr'><strong><em>Σκιπίωνα.</em></strong></span> <span class='ocrx_word' id='word_1_225' title='bbox 420 3511 497 3571; x_wconf 88' lang='lat'>114:</span> <span class='ocrx_word' id='word_1_226' title='bbox 528 3504 655 3586; x_wconf 85' lang='grc' dir='ltr'><strong><em>πάντας</em></strong></span> <span class='ocrx_word' id='word_1_227' title='bbox 685 3503 770 3594; x_wconf 83' lang='grc' dir='ltr'><strong><em>ὀργή</em></strong></span> <span class='ocrx_word' id='word_1_228' title='bbox 799 3508 855 3575; x_wconf 85' lang='grc' dir='ltr'><strong><em>καλ</em></strong></span> <span class='ocrx_word' id='word_1_229' title='bbox 878 3517 974 3593; x_wconf 85' lang='grc' dir='ltr'><strong><em>μῖσος</em></strong></span> <span class='ocrx_word' id='word_1_230' title='bbox 997 3506 1029 3586; x_wconf 86' lang='grc' dir='ltr'><strong><em>ές</em></strong></span> <span class='ocrx_word' id='word_1_231' title='bbox 1051 3505 1112 3575; x_wconf 89' lang='grc' dir='ltr'><strong><em>τὸν</em></strong></span> <span class='ocrx_word' id='word_1_232' title='bbox 1134 3507 1333 3591; x_wconf 89' lang='grc' dir='ltr'><strong><em>Περπένναν</em></strong></span> 
     </span>
     <span class='ocr_line' id='line_1_30' title="bbox 195 3616 1331 3705; baseline 0.001 -22"><span class='ocrx_word' id='word_1_233' title='bbox 195 3616 296 3705; x_wconf 86' lang='grc' dir='ltr'><strong><em>ε’σήει.</em></strong></span> <span class='ocrx_word' id='word_1_234' title='bbox 325 3617 372 3696; x_wconf 88' lang='grc' dir='ltr'><strong><em>Η,</em></strong></span> <span class='ocrx_word' id='word_1_235' title='bbox 400 3623 457 3684; x_wconf 80' lang='lat'><strong><em>27:</em></strong></span> <span class='ocrx_word' id='word_1_236' title='bbox 479 3620 535 3687; x_wconf 84' lang='grc' dir='ltr'><strong><em>ιιαλ</em></strong></span> <span class='ocrx_word' id='word_1_237' title='bbox 558 3616 659 3698; x_wconf 80' lang='grc' dir='ltr'><strong><em>αὐτὸς</em></strong></span> <span class='ocrx_word' id='word_1_238' title='bbox 688 3618 721 3699; x_wconf 85' lang='grc' dir='ltr'><strong><em>ές</em></strong></span> <span class='ocrx_word' id='word_1_239' title='bbox 743 3616 804 3686; x_wconf 91' lang='grc' dir='ltr'><strong><em>τὸν</em></strong></span> <span class='ocrx_word' id='word_1_240' title='bbox 835 3617 1014 3705; x_wconf 88' lang='grc' dir='ltr'><strong><em>Πομπήιον</em></strong></span> <span class='ocrx_word' id='word_1_241' title='bbox 1045 3619 1130 3698; x_wconf 79' lang='grc' dir='ltr'><strong><em>ἕξειν</em></strong></span> <span class='ocrx_word' id='word_1_242' title='bbox 1158 3643 1190 3684; x_wconf 91' lang='grc' dir='ltr'><strong><em>τι</em></strong></span> <span class='ocrx_word' id='word_1_243' title='bbox 1220 3625 1331 3685; x_wconf 84' lang='grc' dir='ltr'><strong><em>τοῦτο.</em></strong></span> 
     </span>
     <span class='ocr_line' id='line_1_31' title="bbox 195 3725 1332 3819; baseline -0.004 -20"><span class='ocrx_word' id='word_1_244' title='bbox 195 3729 423 3819; x_wconf 85' lang='grc' dir='ltr'><strong><em>πρόσκρουμα.</em></strong></span> <span class='ocrx_word' id='word_1_245' title='bbox 454 3730 510 3810; x_wconf 88' lang='grc' dir='ltr'>ΙΙΙ,</span> <span class='ocrx_word' id='word_1_246' title='bbox 530 3736 589 3796; x_wconf 82' lang='lat'><strong><em>48:</em></strong></span> <span class='ocrx_word' id='word_1_247' title='bbox 612 3729 821 3799; x_wconf 90' lang='grc' dir='ltr'><strong><em>διαστάντων</em></strong></span> <span class='ocrx_word' id='word_1_248' title='bbox 841 3755 876 3798; x_wconf 87' lang='grc' dir='ltr'><strong><em>τε</em></strong></span> <span class='ocrx_word' id='word_1_249' title='bbox 901 3730 934 3810; x_wconf 75' lang='grc' dir='ltr'><strong><em>ἒς</em></strong></span> <span class='ocrx_word' id='word_1_250' title='bbox 956 3725 1126 3817; x_wconf 88' lang='grc' dir='ltr'><strong><em>ἀλλήλους.</em></strong></span> <span class='ocrx_word' id='word_1_251' title='bbox 1152 3735 1206 3795; x_wconf 79' lang='lat'><strong><em>75:</em></strong></span> <span class='ocrx_word' id='word_1_252' title='bbox 1230 3726 1332 3815; x_wconf 82' lang='grc' dir='ltr'><strong><em>έφήσ-</em></strong></span> 
     </span>
     <span class='ocr_line' id='line_1_32' title="bbox 197 3837 1332 3930; baseline -0.003 -20"><span class='ocrx_word' id='word_1_253' title='bbox 197 3852 311 3930; x_wconf 80' lang='grc' dir='ltr'><strong><em>θησαν</em></strong></span> <span class='ocrx_word' id='word_1_254' title='bbox 335 3840 377 3923; x_wconf 79' lang='grc' dir='ltr'><strong><em>ὡς</em></strong></span> <span class='ocrx_word' id='word_1_255' title='bbox 400 3840 432 3922; x_wconf 84' lang='grc' dir='ltr'><strong><em>ές</em></strong></span> <span class='ocrx_word' id='word_1_256' title='bbox 454 3839 617 3929; x_wconf 89' lang='grc' dir='ltr'><strong><em>ἀλλήλους</em></strong></span> <span class='ocrx_word' id='word_1_257' title='bbox 638 3841 962 3928; x_wconf 86' lang='grc' dir='ltr'><strong><em>συντριβησομένοις.</em></strong></span> <span class='ocrx_word' id='word_1_258' title='bbox 993 3842 1046 3920; x_wconf 85' lang='lat' dir='ltr'><strong><em>IV,</em></strong></span> <span class='ocrx_word' id='word_1_259' title='bbox 1070 3845 1127 3906; x_wconf 83' lang='lat'><strong><em>28:</em></strong></span> <span class='ocrx_word' id='word_1_260' title='bbox 1156 3839 1198 3921; x_wconf 83' lang='grc' dir='ltr'><strong><em>ὡς</em></strong></span> <span class='ocrx_word' id='word_1_261' title='bbox 1219 3841 1254 3909; x_wconf 80' lang='grc' dir='ltr'><strong><em>δέ</em></strong></span> <span class='ocrx_word' id='word_1_262' title='bbox 1276 3837 1332 3908; x_wconf 85' lang='grc' dir='ltr'><strong><em>αὐ-</em></strong></span> 
     </span>
     <span class='ocr_line' id='line_1_33' title="bbox 195 3949 1331 4040; baseline -0.002 -18"><span class='ocrx_word' id='word_1_263' title='bbox 195 3952 260 4022; x_wconf 87' lang='grc' dir='ltr'><strong><em>τὸν</em></strong></span> <span class='ocrx_word' id='word_1_264' title='bbox 283 3953 419 4040; x_wconf 79' lang='grc' dir='ltr'><strong><em>ἔμελλον</em></strong></span> <span class='ocrx_word' id='word_1_265' title='bbox 436 3956 492 4022; x_wconf 85' lang='grc' dir='ltr'><strong><em>καὶ</em></strong></span> <span class='ocrx_word' id='word_1_266' title='bbox 509 3959 682 4040; x_wconf 85' lang='grc' dir='ltr'><strong><em>βασανιεῖν</em></strong></span> <span class='ocrx_word' id='word_1_267' title='bbox 703 3953 736 4033; x_wconf 87' lang='grc' dir='ltr'><strong><em>ές</em></strong></span> <span class='ocrx_word' id='word_1_268' title='bbox 759 3951 839 4033; x_wconf 82' lang='grc' dir='ltr'><strong><em>τοὺς</em></strong></span> <span class='ocrx_word' id='word_1_269' title='bbox 859 3951 1119 4040; x_wconf 83' lang='grc' dir='ltr'><strong><em>συνεγνωκότας.</em></strong></span> <span class='ocrx_word' id='word_1_270' title='bbox 1153 3958 1228 4018; x_wconf 84' lang='grc'><strong>138;</strong></span> <span class='ocrx_word' id='word_1_271' title='bbox 1252 3949 1331 4020; x_wconf 83' lang='grc' dir='ltr'><strong><em>οὐδέ</em></strong></span> 
     </span>
     <span class='ocr_line' id='line_1_34' title="bbox 197 4061 1332 4153; baseline -0.004 -19"><span class='ocrx_word' id='word_1_272' title='bbox 197 4064 315 4134; x_wconf 85' lang='grc' dir='ltr'><strong><em>πόνων</em></strong></span> <span class='ocrx_word' id='word_1_273' title='bbox 346 4063 462 4146; x_wconf 70' lang='grc' dir='ltr'><strong><em>αὐτοῖς</em></strong></span> <span class='ocrx_word' id='word_1_274' title='bbox 495 4066 528 4146; x_wconf 86' lang='grc' dir='ltr'><strong><em>ές</em></strong></span> <span class='ocrx_word' id='word_1_275' title='bbox 560 4064 723 4152; x_wconf 91' lang='grc' dir='ltr'><strong><em>ἀλλήλους</em></strong></span> <span class='ocrx_word' id='word_1_276' title='bbox 755 4063 892 4153; x_wconf 78' lang='grc' dir='ltr'><strong><em>ἐδέησεν</em></strong></span> <span class='ocrx_word' id='word_1_277' title='bbox 918 4061 1052 4150; x_wconf 84' lang='grc' dir='ltr'><strong><em>ὁμοίων.</em></strong></span> <span class='ocrx_word' id='word_1_278' title='bbox 1081 4065 1117 4145; x_wconf 88' lang='lat' dir='ltr'><strong><em>V,</em></strong></span> <span class='ocrx_word' id='word_1_279' title='bbox 1142 4070 1219 4130; x_wconf 86' lang='lat'>141:</span> <span class='ocrx_word' id='word_1_280' title='bbox 1256 4081 1332 4150; x_wconf 92' lang='grc' dir='ltr'><strong><em>συγ-</em></strong></span> 
     </span>
     <span class='ocr_line' id='line_1_35' title="bbox 197 4173 907 4267; baseline -0.001 -21"><span class='ocrx_word' id='word_1_281' title='bbox 197 4175 334 4264; x_wconf 80' lang='grc' dir='ltr'><strong><em>κρούειν</em></strong></span> <span class='ocrx_word' id='word_1_282' title='bbox 353 4177 433 4260; x_wconf 82' lang='grc' dir='ltr'><strong><em>τοὺς</em></strong></span> <span class='ocrx_word' id='word_1_283' title='bbox 453 4175 661 4267; x_wconf 73' lang='grc' dir='ltr'><strong><em>στρατηγοῖς</em></strong></span> <span class='ocrx_word' id='word_1_284' title='bbox 682 4177 714 4257; x_wconf 81' lang='grc' dir='ltr'><strong><em>ἐς</em></strong></span> <span class='ocrx_word' id='word_1_285' title='bbox 736 4173 907 4266; x_wconf 90' lang='grc' dir='ltr'><strong><em>ἀλλήλους.</em></strong></span> 
     </span>
    </p>
   </div>
   <div class='ocr_carea' id='block_1_3' title="bbox 0 0 1542 4916">
    <p class='ocr_par' dir='ltr' id='par_1_6' title="bbox 0 0 1542 4916">
     <span class='ocr_line' id='line_1_36' title="bbox 0 0 1542 4916; baseline 0 1"><span class='ocrx_word' id='word_1_286' title='bbox 0 0 1542 4916; x_wconf 95' lang='lat' dir='ltr'><strong><em> </em></strong></span> 
     </span>
    </p>
   </div>
  </div>
 </body>
</html>
