3074 4916
675 269 900 341 -22-¹

216 462 339 504 marem
362 439 457 503 modo
481 439 648 517 adnotavi,
677 443 729 501 sat
761 437 848 502 clare
871 438 1030 515 cernitur,
1061 443 1217 519 qnantum
1242 459 1348 502 recen-

215 554 316 617 tiores
339 553 457 616 Graeci
482 552 674 635 scriptoreS,
698 572 771 614 cum
794 549 990 614 dictionibus
1015 571 1074 634 per
1095 551 1349 634 praepositiones

216 665 365 729 formatis
388 663 482 727 valde
504 663 724 741 delectentur,
752 663 793 728 ab
816 663 998 728 Atticorum
1021 663 1209 728 sinceritate
1233 685 1349 728 sermou

216 777 266 841 nis
290 798 328 842 ac
351 775 558 859 simplicitate
582 775 647 838 sint
667 775 765 839 alieni
774 775 809 859 1).

320 889 371 953 Ad
393 887 479 951 huno
501 886 777 971 praepositionum
794 887 1037 971 Appianearum
1055 886 1350 970 frequentissimum

217 1022 310 1066 usum
335 999 564 1084 explicandum
593 1000 655 1064 etsi
686 1000 785 1064 etiam
806 999 918 1083 plures
942 1021 1058 1064 causas
1082 1021 1273 1065 enumerare
1295 1001 1349 1066 ha-

216 1113 287 1192 beo,
317 1118 427 1177 tamen
455 1112 542 1196 quod
573 1111 730 1177 Krebsius
756 1113 823 1176 iam
845 1112 1017 1196 proposuit
1027 1111 1067 1195 ²),
1102 1133 1184 1195 quas
1214 1113 1351 1178 fortasse

217 1226 366 1291 denotari
391 1225 490 1304 iuvat,
512 1225 616 1303 iniis,
640 1245 721 1308 quas
743 1223 885 1303 laudavi,
910 1225 1125 1306 acquiescam.

321 1337 417 1402 Aliud
442 1343 552 1402 autem
574 1358 614 1400 ex
636 1336 701 1415 illa,
734 1357 832 1419 quam
864 1357 963 1420 snpra
989 1339 1218 1421 proposuimus
1240 1337 1352 1402 tabula

216 1450 424 1533 intellegitur,
448 1449 488 1514 de
512 1470 575 1532 quo
598 1448 753 1513 nonnulla
774 1449 875 1514 verba
898 1447 1006 1514 facere
1030 1449 1109 1514 mihi
1124 1449 1232 1514 liccat.
1278 1449 1350 1514 Om-

217 1563 305 1626 nium
329 1562 414 1626 enim
435 1561 730 1646 praepositionum,
763 1560 791 1626 si
822 1562 971 1646 componi
993 1583 1048 1626 eas
1071 1562 1172 1640 lubet,
1195 1561 1285 1626 nulla
1308 1561 1353 1626 sio

218 1673 259 1740 ab
284 1675 432 1758 Appiano
456 1673 615 1756 adoptata
642 1678 675 1737 et
698 1673 852 1739 adamata
880 1679 942 1754 est,
972 1679 1009 1738 ut
1030 1673 1232 1756 frequentius
1256 1695 1351 1758 quam

217 1791 335 1869 quater
356 1786 461 1851 milies
486 1786 699 1868 octingenties
730 1787 885 1868 nonagies
915 1787 948 1850 in
971 1786 1111 1869 Appiani
1133 1785 1225 1850 libris
1246 1787 1354 1868 posita

218 1901 332 1963 exstet.
381 1897 504 1962 Eadem
542 1897 671 1977 vocula,
710 1918 808 1980 quam
844 1899 972 1962 omnino
1010 1899 1191 1980 posteriore
1223 1897 1353 1981 linguae

218 2009 364 2075 Graecae
386 2014 495 2074 aetate
518 2010 708 2093 praevalere
738 2009 884 2075 videmus
894 2009 935 2094 3),
962 2010 1050 2093 apud
1073 2011 1247 2075 Arrianum
1273 2032 1352 2094 quo-

218 2143 280 2204 que
307 2122 448 2205 primum
476 2122 583 2187 locum
618 2122 760 2203 obtinet3
792 2122 880 2205 apud
911 2121 1081 2206 Polybium
1089 2122 1134 2207 4),
1166 2122 1353 2201 Diodorum,

217 2232 435 2318 Lucianumfi)
457 2232 540 2301 κατὰ
563 2235 810 2298 usitatissimum
834 2240 892 2313 est,
914 2235 1002 2317 apud
1023 2233 1201 2317 Josephum
1225 2234 1353 2320 πρόςθ).

218 2348 263 2410 At
284 2346 365 2410 alios
388 2346 514 2410 Atticos
545 2347 721 2429 scriptores
744 2346 1042 2430 praepositionibus
1072 2346 1229 2411 delectari
1250 2345 1355 2411 Krob-

220 2459 286 2523 sius
310 2458 479 2522 adnotavit
490 2457 530 2542 ⁷),
561 2459 617 2541 qui
651 2464 797 2523 oratores
830 2459 956 2548 Atticos
982 2458 1151 2542 praeferre
1178 2460 1214 2526 ἐν
1236 2459 1287 2524 vel
1309 2460 1355 2539 ἐκ,

216 2571 396 2635 isocratem
418 2570 522 2635 solum
545 2573 621 2656 περὶ
641 2571 753 2635 Lutzio
778 2575 911 2635 auctore
933 2577 1082 2635 testatur.

320 2682 390 2746 Iam
417 2703 493 2746 vero
516 2683 632 2764 exiis,
666 2703 750 2766 quae
773 2683 869 2747 modo
894 2683 1138 2767 explicavimus,
1163 2682 1354 2747 Mommscni

218 2794 298 2858 illud
310 2794 337 2877 8)
360 2794 459 2859 trium
482 2815 616 2858 casuum
633 2817 650 2860 e
667 2794 963 2879 praepositionibus
977 2816 1208 2878 suspensorum
1230 2794 1354 2877 primas

217 2911 328 2990 partes
360 2926 457 2988 agere
488 2908 708 2971 accusativum
737 2929 849 2972 verum
885 2929 955 2972 esse
988 2907 1084 2972 facile
1119 2906 1354 2989 deprehendas.

217 3018 300 3083 Nam
323 3019 358 3084 hi
379 3024 447 3083 tres
470 3040 564 3083 casus
587 3040 660 3083 cum
686 3019 772 3082 inter
800 3041 834 3083 se
858 3025 1105 3103 comparantur,
1136 3020 1260 3103 positos
1283 3039 1355 3083 esse

218 3131 364 3196 videmus
387 3131 475 3215 apud
498 3131 683 3215 Appianum

580 3244 746 3327 genetivos
909 3249 993 3310 5238

323 3493 346 3562 1)
367 3491 401 3545 cf.
422 3490 522 3544 Krebs.
538 3481 568 3559 p.
588 3497 604 3546 t
622 3492 685 3546 adn.
704 3493 729 3544 6.

323 3580 348 3648 2)
369 3577 453 3632 eiusd.
476 3593 502 3645 p.
520 3578 545 3631 5.

323 3667 348 3728 3)
368 3665 401 3720 cf.
421 3665 546 3717 Momms.
568 3664 590 3733 I,
610 3681 637 3732 p.
657 3667 699 3719 25.

321 3752 347 3820 4)
368 3750 401 3804 cf.
422 3751 519 3804 Krebs.
539 3768 565 3819 p.
583 3751 608 3803 4.

322 3839 348 3906 5)
368 3837 401 3890 cf.
429 3837 456 3890 C.
474 3837 628 3906 Przybilla‚
654 3837 687 3892 de
712 3837 943 3906 praepositionum
969 3833 1041 3890 κατὰ
1059 3846 1086 3892 et
1104 3831 1160 3889 nivei
1178 3853 1230 3890 usn
1257 3835 1359 3890 Lucia·

219 3940 280 3992 neo,
303 3940 329 3991 p.
349 3925 374 3978 8.

321 4010 346 4078 6)
366 4008 401 4062 cf.
419 4009 518 4063 Krebs.
540 4026 566 4078 p.
586 4014 611 4065 4.

322 4099 347 4165 7)
366 4095 431 4151 ibid.

320 4184 345 4248 8)
364 4182 399 4236 cf.
420 4183 441 4250 1,
460 4199 487 4251 p.
506 4185 553 4236 27:
580 4185 637 4238 Aus
662 4184 734 4238 allen
759 4185 854 4238 diesen
873 4183 1099 4250 Erscheinungen
1120 4181 1188 4251 geht
1212 4183 1273 4236 klar
1292 4183 1359 4238 her-

218 4285 274 4338 vor,
292 4269 381 4324 wohin
401 4269 445 4324 die
464 4269 584 4338 Spraehe
603 4270 665 4338 will,
683 4288 732 4326 zur
753 4270 915 4325 Herrschaft
934 4271 981 4328 des
1002 4271 1171 4326 Accusativs.
