3074 4916
678 285 894 346 ,7-

219 456 361 520 tionibus
385 456 575 520 coniunctus
597 455 630 520 iu
653 453 928 520 substantivorum
952 453 1058 518 locum
1082 453 1243 534 succedit,
1268 477 1352 537 qnae

219 568 386 648 dictiones,
402 567 515 652 quoles
530 571 606 632 sunt
627 569 661 635 ol
682 567 719 634 ἐν
733 561 834 648 ἄστει,
858 569 891 634 ol
912 566 949 634 ἐν
970 567 1065 646 τέλει,
1087 569 1120 636 οἱ
1141 561 1228 654 ἀμφί
1248 568 1351 653 (περί)

217 707 292 747 τινα
315 681 366 745 vel
388 680 482 760 aliae,
505 679 593 763 apud
614 679 740 744 Atticos
763 699 893 761 quoque
913 677 1102 763 frequenter
1120 678 1283 744 admissae
1306 679 1352 748 le·

218 798 346 876 guntur,
370 814 410 859 aa
432 792 535 858 solum
558 790 706 875 exempla
724 790 917 870 adscribam,
940 810 1024 873 quae
1043 790 1185 874 Appiani
1208 791 1351 857 omniuo·

218 927 280 989 que
303 905 520 989 posteriorum
546 903 742 987 scriptorum
771 903 905 986 propria
934 902 1027 968 duco.
1071 902 1245 968 Permultis
1266 903 1351 968 enim

216 1018 295 1084 locis
316 1017 484 1101 Appianus
505 1037 565 1101 pro
594 1019 628 1083 ol
659 1015 839 1102 βουλευταὶ
870 1015 921 1079 vel
950 1035 1010 1100 pro
1033 1014 1193 1080 adiectivo
1214 1020 1351 1101 βουλευ-

217 1128 306 1210 τικὸς
328 1129 485 1195 adhibere
508 1127 590 1194 solet
611 1127 808 1193 locutionem
837 1147 897 1210 per
919 1127 1195 1211 praepositionem
1216 1123 1283 1196 ἀπὸ
1305 1127 1349 1196 ef·

215 1241 335 1307 fectam
358 1246 416 1306 aut
437 1241 587 1326 apposito
619 1239 747 1304 nomine
777 1234 862 1325 ἀνήρ
893 1238 944 1304 vel
977 1239 1137 1304 adiectivo
1160 1239 1210 1305 vel
1232 1257 1350 1324 prono·

216 1354 301 1420 mine
331 1353 471 1436 quodam
501 1353 578 1437 (τὶς)
609 1358 666 1416 aut
695 1349 862 1416 enuntiato
891 1372 950 1434 per
980 1371 1158 1436 pronomen
1189 1348 1250 1436 (ὅς,
1274 1348 1351 1432 ὅσος

216 1468 290 1550 otc.)
313 1465 463 1530 formato.
509 1461 685 1548 Spectandi
705 1467 781 1528 sunt
802 1461 880 1528 loci:
907 1462 996 1547 Hisp.
1021 1469 1079 1529 99:
1112 1461 1263 1550 ἔπεμψαν
1284 1460 1350 1532 ἀπὸ

216 1587 273 1665 τής
295 1583 418 1665 βουλῆς
440 1573 565 1662 ἄνδρας
593 1575 681 1643 δέκα.
726 1572 775 1639 111.
799 1579 855 1640 13;
886 1573 1050 1660 ἔφθασαν
1072 1579 1222 1662 Βαίβιον,
1243 1571 1350 1661 ἄνδρα

214 1686 280 1758 ἀπὸ
302 1695 433 1776 βουλῆς.
479 1688 568 1754 civil.
582 1687 606 1763 Ι,
623 1693 700 1754 106:
722 1685 761 1756 τὸ
783 1686 875 1772 λέχος
898 1684 1084 1766 ὑποδύντες
1105 1684 1171 1758 ἀπὸ
1193 1697 1252 1774 τής
1273 1693 1350 1776 βου-

214 1809 273 1888 λής
294 1797 422 1886 ἄνδρες.
444 1837 486 1849 -
507 1799 612 1864 Hanu.
636 1805 693 1866 25:
716 1795 783 1867 ἀπό
803 1824 837 1866 τε
861 1808 920 1885 τῆς
942 1803 1066 1885 βουλῆς
1087 1801 1204 1868 πολλοὶ
1227 1799 1349 1886 παρόν-

214 1940 266 1993 τες
288 1911 513 1999 ἐτελεύτησαν.
560 1912 649 1977 Civil.
671 1913 695 1990 Ι,
721 1917 778 1977 93:
806 1909 950 1990 πολλοὺς
982 1906 1009 1978 δ’
1042 1907 1107 1982 ἀπὸ
1139 1921 1197 1998 τής
1227 1917 1350 1998 βουλῆς

215 2025 449 2110 (διέφθειραν).
487 2024 522 2104 V,
547 2029 603 2089 48:
632 2022 798 2108 κατήεσαυ
826 2024 943 2090 πολλοὶ
964 2023 1026 2110 μὲν
1048 2020 1114 2092 ἀπὸ
1134 2031 1192 2111 τής
1215 2029 1348 2111 βουλῆς.

214 2137 322 2202 Mithr.
355 2142 433 2201 121:
464 2135 624 2222 πέμπεταί
655 2161 704 2214 τις
731 2131 797 2202 ἀπὸ
827 2143 885 2221 τῆς
919 2140 1050 2222 βουλής.
1081 2173 1124 2184 -·
1153 2135 1258 2200 Hann.
1292 2141 1349 2202 28:

213 2247 286 2319 ὅσον
315 2245 342 2318 δ’
376 2239 461 2336 ήσαν
491 2244 557 2315 ἀπὸ
584 2257 643 2334 τῆς
673 2252 805 2334 βουλῆς.
851 2247 940 2312 Civil.
964 2246 988 2326 Ι,
1011 2253 1068 2314 65:
1104 2248 1160 2316 καὶ
1188 2245 1349 2317 ὅσονοίκὸ

214 2371 272 2448 τῆς
304 2366 427 2448 βουλῆς
465 2357 663 2447 ἐπεδήμουν.
709 2359 783 2424 Alia
813 2357 963 2442 exempla
991 2360 1135 2443 reperies
1165 2359 1269 2426 Henn.
1300 2367 1348 2432 18.

214 2471 323 2538 Mithr.
347 2478 397 2538 51.
421 2479 471 2538 90.
516 2472 605 2537 Civil.
636 2471 661 2550 Ι,
692 2477 741 2537 65.
766 2476 815 2536 ll.
840 2477 889 2538 79.
913 2477 963 2536 86.
1007 2471 1047 2551 ΙΙ,
1079 2477 1106 2536 2.
1138 2478 1188 2538 50.
1220 2479 1269 2540 67.
1298 2479 1348 2538 72.

213 2586 266 2663 lv,
298 2592 325 2649 5.
356 2591 405 2650 69.
437 2590 486 2650 70.
519 2590 570 2649 89.
600 2590 650 2649 90.
701 2583 739 2661 V,
771 2588 841 2648 101.
891 2581 1046 2648 Similiter
1069 2585 1250 2667 comparati
1273 2591 1350 2652 sunt

212 2697 276 2762 loci
299 2697 403 2760 Heun.
428 2702 484 2763 57:
515 2699 548 2763 ol
569 2692 636 2763 ἀπὸ
660 2705 730 2763 τῶν
753 2689 877 2781 ἀγρῶν.
922 2694 1025 2762 idem:
1048 2693 1137 2762 civil.
1157 2697 1198 2777 11,
1222 2701 1272 2762 30.
1306 2697 1347 2762 ci.

213 2811 246 2876 οἱ
268 2810 304 2877 ἐκ
325 2817 395 2876 τῶν
416 2807 548 2894 dyracio:
570 2808 675 2872 Hann.
702 2812 751 2872 39.
783 2806 872 2871 Civil.
895 2807 919 2886 Ι,
945 2812 993 2872 14.

316 2920 429 2985 Latius
450 2926 543 3004 patet
563 2920 618 2984 hio
632 2917 761 2984 dicendi
776 2941 854 2983 usus
870 2919 956 3003 apud
971 2919 1151 3004 Polybium,
1172 2919 1211 2984 cf.
1230 2920 1346 2990 Krebe.

212 3056 242 3116 p.
259 3039 308 3099 60.
353 3032 403 3096 Ex
425 3032 497 3096 aliis
519 3031 682 3097 inferioris
712 3031 829 3095 aetatis
858 3031 1072 3115 scriptoribus
1101 3031 1183 3098 haec
1208 3031 1346 3100 exhibeo

213 3143 376 3227 exempla:
401 3144 527 3210 Arrian.
541 3165 613 3227 exp.
629 3144 717 3209 Alex.
731 3143 787 3223 III,
805 3150 832 3223 5,
847 3149 880 3207 7:
903 3144 1030 3230 μηδένα
1048 3153 1118 3211 τῶν
1140 3140 1207 3212 ἀπὸ
1223 3150 1347 3232 βουλῆς

213 3257 396 3343 ἐκπέμπων.
420 3256 595 3321 Herodian.
610 3256 678 3335 Vll,
697 3262 724 3334 1,
737 3260 774 3319 4:
797 3253 1038 3342 συμπνεόντων
1052 3257 1190 3325 καὶτῶν
1207 3254 1273 3326 ἀπὸ
1288 3266 1347 3344 τῆς

212 3372 335 3454 βουλῆς
365 3366 532 3436 ἁπάντων.
578 3369 647 3448 VII,
674 3375 703 3447 9,
733 3373 766 3432 l:
801 3366 1029 3448 Κακελλνανὸς
1050 3366 1113 3454 γὰρ
1137 3358 1180 3455 ήν
1201 3395 1250 3449 τις
1273 3365 1346 3438 ὄνο-

211 3507 266 3566 μα,
288 3489 358 3548 τῶν
378 3477 443 3548 ἀπὸ
465 3479 663 3566 συγκλήτου.
696 3478 782 3544 idem
799 3479 867 3559 VII,
887 3485 935 3559 ll,
961 3487 995 3545 1:
1025 3477 1163 3565 ἀνδρῶν
1184 3489 1254 3550 τῶν
1278 3477 1345 3550 ἀπὸ

212 3591 409 3678 συγκλήτου.
454 3591 618 3657 Plutarch.
642 3595 674 3660 οἱ
696 3588 762 3660 ἀπὸ
785 3591 923 3678 βουλήςι
959 3592 1046 3656 Aem.
1074 3589 1164 3655 Paul.
1188 3598 1238 3658 31.
1261 3594 1345 3660 Sert.

212 3709 268 3786 243
290 3704 438 3768 similiter
461 3703 529 3770 Cat.
544 3709 594 3769 62.
617 3703 706 3768 Caes
723 3707 770 3770 10.
785 3709 834 3769 36.
858 3704 928 3769 Tib.
941 3704 1077 3770 Gracch.
1094 3709 1142 3768 18.
1169 3703 1279 3789 Pomp.
1295 3712 1344 3772 61.

211 3855 252 3864 -
275 3819 308 3883 οἱ
331 3813 397 3883 ἀπὸ
420 3825 560 3902 σκηνής.·
592 3814 669 3880 Sull.
695 3821 722 3879 2.
754 3817 896 3881 Demetr.
922 3822 971 3880 12.
994 3854 1037 3864 —
1060 3819 1092 3883 οἱ
1114 3812 1180 3885 ἀπὸ
1211 3825 1345 3902 φιλοσο-

211 3931 306 4012 olas:
335 3927 403 3992 Cat.
426 3931 477 3994 54.
521 3926 573 3991 lta
602 3925 794 4011 plerumque
819 3928 907 4012 apud
937 3929 1134 3993 recentiores
1152 3928 1345 4015 significan·

210 4044 264 4103 tur
285 4039 318 4118 ii,
342 4039 397 4122 qui
419 4037 622 4122 disciplinam
643 4039 781 4104 alicuius
796 4040 981 4125 philosophi
1002 4044 1198 4124 sequuntur:
1222 4043 1256 4107 οἱ
1278 4031 1344 4110 dab

211 4149 410 4230 Hidrovos:
443 4148 608 4215 Plutarch.
638 4150 729 4216 Brut.
760 4157 787 4216 2.
832 4151 963 4217 Lucian.
996 4152 1036 4216 de
1065 4172 1191 4235 paras:
1224 4150 1344 4238 ἑτέρως

201 4263 271 4352 ,μὲν
295 4261 358 4350 γὰρ
378 4258 563 4352 Ἐπικούρῳ
585 4267 680 4332 δοκεῖ
700 4261 741 4330 τὰ
761 4262 937 4354 πράγματα
954 4264 1050 4350 ἔχειν,
1073 4263 1191 4348 ἑτέρως
1213 4264 1249 4332 δὲ
1273 4274 1343 4344 τοῖς
