3074 4916
628 289 840 349 ,25-

170 461 243 525 Alia
264 459 411 542 exempla
435 464 510 523 sunt
532 459 635 522 Hanu.
660 464 708 521 38.
740 457 817 520 Pun.
844 462 913 521 102.
945 455 1034 521 Civil.
1057 456 1081 535 Ι,
1106 462 1155 519 rs.
1179 462 1228 520 50.
1262 456 1302 535 ΙΙ,

171 581 220 639 us.
246 579 295 638 or.
327 573 382 652 ΠΙ,
405 577 455 636 ιι.
485 571 538 650 lv,
563 577 632 636 roc.

274 686 352 764 Hoc,
375 684 461 767 quod
483 684 645 748 inferioris
668 683 796 747 (lemum
820 684 938 746 aetatis
955 682 1121 766 proprium
1145 703 1214 745 esse
1236 682 1301 745 iam

171 798 361 862 Kuehnerus
374 797 398 880 1)
435 795 619 869 adnotavit,
658 795 855 878 posteriores
895 795 1039 859 Graecos
1079 794 1254 876 scriptores
1284 815 1303 856 a

170 911 284 974 Latine
306 909 459 991 loquendi
481 930 542 972 usu
565 907 739 990 sumpsisse
763 907 836 989 quis
852 908 1028 989 negaverit,
1052 907 1078 970 si
1095 912 1303 988 comparetur

170 1023 318 1087 Caesaris
340 1021 430 1085 locus
454 1020 528 1085 bell.
551 1019 633 1084 Gall.
656 1021 696 1100 ΙΙ,
721 1026 756 1084 7:
790 1020 900 1112 hostes
928 1019 970 1084 ab
994 1018 1124 1088 milibus
1147 1040 1304 1102 passuum

103 1115 114 1131 ’
170 1137 274 1200 minus
289 1133 414 1198 duobus
436 1137 545 1197 castra
565 1134 767 1216 posuerunt?
809 1132 954 1196 Aliorum
978 1133 1173 1216 scriptorum
1197 1152 1303 1194 exom-

169 1248 224 1331 pla
246 1247 333 1331 apud
356 1245 563 1327 Krebsiumt)
587 1266 735 1327 quaeras.
779 1245 817 1309 In
838 1244 964 1329 Polybii
987 1243 1079 1308 libris
1101 1266 1199 1308 unum
1221 1243 1299 1324 legi-

169 1365 224 1424 tur
245 1360 284 1437 x,
317 1365 365 1438 12,
393 1365 421 1423 6.
467 1357 505 1421 cf.
535 1357 628 1422 Diod.
652 1358 675 1437 Ι,
700 1363 750 1436 97,
774 1363 801 1421 2.
845 1357 885 1436 ΙΙ,
916 1362 944 1436 7,
978 1363 1005 1421 2.
1051 1356 1133 1421 Plut.
1165 1355 1246 1420 Phil.
1274 1363 1301 1419 4.

170 1471 242 1536 Oth.
269 1476 316 1534 ll.

272 1582 335 1646 Sed
358 1582 420 1645 hac
441 1583 473 1644 in
496 1604 531 1646 re
561 1604 624 1645 non
650 1582 746 1665 plane
777 1582 856 1646 mihi
884 1604 957 1647 cum
980 1581 1152 1646 Kuehnero
1182 1580 1302 1645 facien·

169 1695 245 1759 dum
268 1717 338 1759 esse
362 1694 531 1774 existim03
561 1695 589 1758 is
613 1694 706 1759 dicit:
748 1695 851 1758 Sowio
871 1695 916 1758 im
939 1694 1185 1772 Lateinischen,
1208 1715 1303 1757 wcnn

170 1806 228 1871 der
252 1808 321 1885 ort,
343 1828 405 1869 von
428 1806 501 1869 dem
524 1828 583 1870 aus
606 1806 663 1870 der
681 1806 828 1871 Abstand
851 1807 930 1870 oder
954 1807 1005 1870 die
1022 1805 1225 1888 Entfernung
1250 1828 1303 1887 ge-

169 1941 293 1983 messen
320 1918 408 1996 vird,
431 1918 521 1982 nicht
544 1918 731 2001 angegeben
753 1920 805 1998 ist,
827 1919 968 1984 sundern
992 1940 1050 1983 aus
1076 1919 1148 1983 dem
1171 1919 1302 1982 Zusam-

170 2030 349 2113 menhange
379 2035 511 2113 erganzt
539 2030 667 2094 werden
690 2053 793 2108 muse,
825 2030 872 2095 oft
900 2054 939 2094 zu
969 2031 1041 2095 dem
1071 2030 1221 2094 Ablativs
1245 2031 1303 2094 der

170 2142 475 2224 Massbestirnmung
495 2143 546 2206 die
562 2142 787 2225 Praeposition
810 2143 851 2207 ab
869 2145 924 2227 (=
939 2144 972 2206 in
995 2144 1084 2208 einer
1101 2142 1304 2224 Entlernung

169 2257 245 2336 von)
268 2256 360 2334 tritt,
391 2275 426 2318 so
448 2254 550 2318 findet
572 2255 642 2320 sich
665 2255 772 2320 dieser
796 2255 970 2320 Gebrauch
994 2255 1052 2319 der
1075 2255 1303 2338 Praeposition

168 2362 234 2433 τἰιτὸ
264 2366 348 2430 auch
377 2366 429 2431 bei
458 2367 520 2431 den
549 2371 680 2450 sp'aitern
712 2367 887 2446 Griechen‚
920 2366 1067 2432 offenbar
1096 2368 1167 2431 eine
1197 2367 1303 2430 Nach-

153 2478 310 2560 'ahmung
335 2479 391 2543 des
413 2479 625 2544 lateinisches
649 2479 856 2558 Ausdruoks‚
889 2480 976 2562 quod
1005 2502 1123 2564 parum
1151 2479 1303 2543 distincte

169 2590 364 2672 explicatum
388 2613 457 2656 esse
481 2613 520 2655 ex
542 2591 592 2654 his
616 2613 716 2675 supra
746 2614 765 2655 a
793 2613 843 2655 me
867 2591 975 2656 allatis
999 2592 1155 2674 exemplis
1177 2591 1302 2655 intelle-

168 2701 255 2784 gitur
266 2702 303 2785 3).
347 2704 384 2766 ln
416 2703 551 2767 eandem
575 2704 637 2767 vim
666 2704 888 2787 accipiendum
912 2726 982 2768 esse
1006 2704 1183 2783 cerseredus,
1215 2703 1303 2786 quod

168 2836 269 2897 supra
298 2837 321 2878 s.
341 2837 368 2878 v.
399 2813 464 2899 πρὸ
495 2816 676 2898 exemplum
704 2817 949 2900 proposuimus:
986 2815 1074 2881 Civil.
1105 2816 1128 2894 Ι,
1160 2822 1217 2881 92:
1249 2817 1303 2882 καὶ

161 2923 234 3010 ,πρὸ
265 2930 410 2993 σταδίων
444 2926 564 2994 ἑκατὸν
600 2929 884 3012 ἐστρατοπέδευον
905 2960 948 2981 =
970 2929 1026 2995 καί
1055 2925 1121 2996 cirri)
1140 2931 1304 2995 Ισταδίοιν

167 3035 288 3106 ἑκατὸν
316 3039 645 3122 {accumulamus
692 3040 787 3123 Apud
816 3040 1026 3104 Plutarchum
1055 3040 1154 3105 semel
1184 3039 1304 3122 legitur

168 3149 231 3214 hoc
254 3150 349 3215 modo
372 3156 531 3234 usurpata
558 3152 758 3235 praepositio
789 3153 826 3219 ἐν
848 3153 939 3216 Caes.
965 3159 1022 3218 lu:
1053 3153 1113 3231 ἕως
1135 3152 1171 3219 έν
1194 3155 1303 3219 διακο-

168 3268 253 3340 σίοις
275 3271 345 3329 τῶν
367 3267 535 3348 πολεμίων
559 3268 705 3342 σταδίοις
727 3264 1105 3348 κατεστρατοπέδευσαν.

272 3373 456 3457 Temporali
477 3375 607 3439 notione
637 3377 821 3458 praeditum
846 3375 1106 3458 frequentissime
1129 3377 1223 3440 nobis
1246 3376 1303 3439 ob-

273 3599 297 3664 1)
319 3597 412 3670 ctgr.
432 3615 472 3665 gr.
493 3601 551 3667 430,
575 3602 598 3666 l,
618 3600 643 3651 6.

271 3685 297 3748 2)
317 3683 351 3736 of.
370 3683 387 3736 l.
407 3683 425 3739 l.
445 3700 472 3752 p.
493 3687 535 3752 58,
556 3689 578 3752 1,
597 3687 621 3737 6.

271 3772 297 3838 3)
317 3769 351 3825 cs.
377 3770 457 3824 Dion.
485 3772 547 3824 Hal.
572 3772 591 3840 Ι,
612 3773 658 3826 15;
687 3766 743 3824 dud
770 3768 799 3824 δὲ
827 3772 947 3824 σταδίων
973 3767 1165 3840 ἑβδομήκοντα
1192 3767 1304 3825 ‘Proitou

164 3856 296 3909 Κοτυλία
315 3853 395 3918 πόλις
474 3855 592 3925 κειμένη.
621 3857 656 3926 ΙΙ,
675 3859 723 3910 53:
753 3853 836 3910 πόλιν
862 3850 918 3909 sind
945 3853 1165 3924 τεσσαράνεοντα
1183 3859 1305 3910 σταδίων

164 3943 218 4010 τῆς
234 3935 340 4010 ‘Puppe
357 3940 491 4010 κειμένην.
529 3943 619 3996 Strub.
642 3943 675 4010 X,
693 3961 719 4012 p.
739 3944 802 3997 448:
832 3941 935 4010 ταύτης
960 3936 984 3996 δ’
1013 3939 1070 3996 ἐστὶ
1093 3941 1171 4011 κώμη
1190 3939 1207 4012 ἡ
1225 3937 1305 4009 Ἀμά-

163 4029 278 4095 ρυνθος
300 4021 348 4096 ἀφ’
367 4025 436 4082 ἑκτὰ
461 4029 583 4082 σταδίων
607 4030 774 4098 τοῦτείχονς.
811 4029 940 4084 Similiter
960 4029 981 4097 l,
1002 4032 1040 4082 14.
1070 4029 1119 4095 ΙΙΙ,
1137 4031 1179 4082 32.
1206 4037 1233 4082 et
1252 4045 1305 4081 om-

160 4113 233 4168 nino
252 4115 354 4181 possim
375 4113 449 4180 apud
466 4115 634 4170 recentiores
660 4115 714 4171 hoc
738 4115 866 4184 loquendi
890 4131 992 4184 genus,
1017 4114 1065 4168 ubi
1090 4113 1175 4168 Attici
1201 4130 1303 4168 merum

157 4199 353 4256 accusativum
372 4200 574 4268 praeferebant.

272 4289 298 4352 4)
317 4286 351 4340 cf.
370 4287 458 4342 Strab.
480 4287 556 4356 VIII,
575 4303 601 4356 p.
620 4290 686 4342 382:
706 4283 761 4353 κρὸ
780 4288 930 4356 τοίακσντα
949 4288 1069 4344 σταδίων
1087 4283 1198 4340 ἔκτισαν
1215 4284 1302 4350 πόλιν.
