3074 4916
623 303 838 364 ,9-

162 477 351 551 κτείναντες
379 472 411 551 ἐξ
434 467 548 538 αὐτῶν
574 467 615 549 ὡς
637 473 665 537 εἰ
689 469 816 537 ἑκατόν.
842 470 877 532 V.
894 477 922 549 4,
949 473 1013 532 los
1029 469 1180 535 κατέλιπε
1205 475 1297 553 Σφο-

163 588 262 669 δρίαν
283 585 338 650 ναὶ
361 579 426 651 ἀπὸ
440 593 509 651 τῶν
524 579 705 668 συμμάχων
726 579 899 666 τὸτρῖτον
920 581 1019 666 μέρος
1037 578 1194 649 ἑκάστων.
1217 580 1294 644 ibid.

163 701 221 762 40:
244 694 285 763 τὰ
307 696 387 763 δέκα
408 691 463 780 ἀφ’
491 692 572 781 ἥβης
595 694 630 761 ἐν
652 702 722 761 τῶν
744 689 890 762 ὁπλιτῶν
912 693 983 760 έθει
1006 690 1070 760 σὺν
1092 689 1215 772 αὐτοῖς.

266 809 339 872 Duo
370 827 499 891 quoquc
531 810 706 871 occurrunt
737 803 885 889 exempla
906 805 1091 888 Appianea‚
1123 805 1156 869 in
1179 804 1297 887 quibus

163 941 222 1005 pro
254 919 401 1002 genetivo
428 918 527 1003 pretii
554 919 664 1002 posita
693 923 744 982 cst
772 917 971 1000 praepositio
999 913 1086 985 aad:
1116 917 1194 982 Pun.
1219 922 1296 1006 127:

163 1037 257 1119 δῶμα
273 1028 483 1118 χρυσήλατον
504 1027 570 1098 ἀπὸ
592 1034 708 1115 χιλίων
729 1027 903 1098 ταλάντων
922 1038 1076 1116 σταθμοῦ
1097 1029 1289 1114 περιέκειτο.

164 1144 232 1230 Syr.
255 1148 313 1208 47:
344 1141 512 1230 στέφανόν
536 1167 570 1210 τε
588 1140 760 1230 Ῥωμαίοις
791 1138 856 1210 ἀπὸ
883 1147 1031 1227 χρυσέων
1051 1146 1183 1228 μυρίων
1205 1141 1297 1227 έπεμ-

163 1268 231 1336 ψαν
243 1256 277 1339 1).

265 1367 299 1453 β)
322 1366 498 1446 Locorum,
528 1366 585 1433 ubi
606 1387 666 1450 pro
689 1365 828 1450 simplici
850 1366 960 1431 dativo
984 1365 1205 1450 praepositiva
1227 1387 1297 1429 ver-

162 1591 267 1657 luoem
289 1591 369 1656 satis
391 1589 513 1656 habeo:
552 1590 743 1674 plerumque
766 1591 850 1655 enim
868 1590 1035 1674 Appianus
1057 1590 1089 1654 in
1110 1589 1208 1656 rebus
1229 1589 1297 1654 bel-

162 1704 233 1768 licis
256 1702 406 1786 gerendis
428 1723 592 1787 apponere
620 1701 704 1767 solet
725 1702 827 1786 copiis
849 1702 900 1766 vel
921 1702 1059 1768 navibus
1081 1702 1296 1787 praepositio-

163 1837 220 1880 nes
245 1813 309 1882 σὺν
330 1814 381 1878 vel
402 1812 494 1901 μετιῖ,
517 1836 655 1898 quarum
675 1812 748 1879 loco
772 1814 860 1898 apud
876 1814 1002 1879 Atticos
1025 1813 1113 1880 solus
1131 1814 1260 1879 dativus
1271 1814 1297 1896 2)

163 1927 327 1992 sollemnis
359 1932 417 1991 cst.
476 1927 598 1992 Prioris
636 1927 763 2010 generis
804 1927 886 1991 haec
919 1925 1097 1991 afferentur
1132 1926 1297 2010 exempla:

162 2038 252 2123 Hisp.
277 2044 334 2104 14:
361 2039 514 2125 Τιβέριον
534 2039 595 2125 μέν
618 2037 843 2125 Σεμπρώνιον
865 2037 1000 2125 Λόγμον
1029 2038 1093 2106 σὺν
1115 2039 1178 2107 δύο
1201 2055 1296 2124 στρα-

162 2160 224 2218 τοῦ
244 2151 371 2218 τέλεσιν
400 2151 433 2229 ές
461 2148 593 2236 Λιβύην
622 2151 777 2237 έπεμπον.
823 2150 902 2214 Pun.
927 2157 983 2215 31:
1006 2151 1296 2237 έπιπλενσομένων

162 2259 225 2329 σὺν
247 2260 401 2348 μεγάλοις
423 2271 584 2347 στρατοῖς.
615 2260 663 2328 ΙΙΙ.
681 2268 735 2328 13;
762 2258 1087 2350 coarctaverant
1112 2261 1176 2332 σὺν
1201 2279 1296 2348 στρα-

161 2383 224 2440 τοῦ
245 2373 351 2440 τέλεσι
379 2375 466 2458 τρισὶ
498 2375 553 2442 καὶ
582 2377 718 2442 ἱππεῦσι
746 2382 889 2455 πολλοῖς.
935 2375 1044 2440 Mithr.
1070 2382 1126 2441 65:
1156 2371 1296 2460 ἀφίκετο

162 2483 378 2571 Μιθριδάτης
406 2482 470 2553 σὺν
493 2495 540 2577 τῷ
570 2490 699 2554 πλείονι
724 2495 863 2578 στρατῷ.
916 2487 1004 2552 Civil.
1036 2489 1073 2567 V,
1105 2494 1161 2552 56:
1193 2483 1298 2555 αὐτὸν

162 2595 226 2665 σὺν
247 2597 347 2663 νανσι
370 2603 507 2678 πολλαῖς
527 2600 582 2666 καὶ
605 2598 732 2666 τέλεσιν
754 2599 929 2687 ἐκπέμψας.
974 2599 1168 2664 Posterioris
1197 2600 1295 2664 haec:

162 2709 253 2792 Hisp.
279 2714 334 2772 17:
366 2705 472 2778 αὐτὸν
501 2710 683 2797 ἐξέπεμπον
712 2709 793 2797 μετὰ
815 2715 930 2797 χιλίων
953 2712 1082 2779 ἱππέων
1103 2713 1158 2778 καὶ
1179 2718 1296 2793 πεζῶν.

163 2820 242 2885 Pun.
266 2825 323 2885 44:
346 2817 550 2908 ἀντιπαρῆμε
573 2818 645 2909 μεθ’
671 2823 787 2907 ἑτέρον
810 2828 960 2909 στίφους.
1006 2822 1115 2888 Mithr.
1140 2829 1198 2889 35:
1220 2820 1291 2910 μεθ’

161 2931 273 3017 ἑτέρας
293 2942 447 3017 στρατιᾶς
477 2932 637 3020 ἐμβαλών.
684 2934 773 2999 Civil.
796 2935 849 3015 IV,
875 2942 952 3002 102:
982 2935 1063 3023 μετὰ
1094 2944 1156 3004 τοῦ
1185 2962 1294 3003 ναντι-

160 3051 224 3111 κοῦ
248 3046 304 3111 καὶ
330 3045 446 3124 τέλους
478 3052 672 3131 παραπλεῖν.
718 3047 755 3126 V,
785 3053 841 3112 58:
875 3046 1026 3133 προσιὼν
1061 3046 1143 3134 μετὰ
1180 3051 1294 3134 χιλίων

160 3155 288 3223 ἱππέων
310 3162 343 3221 et
367 3156 440 3221 alia.
486 3159 690 3241 Quamquam
707 3158 883 3224 tenendum
905 3165 954 3224 est
977 3161 1062 3224 hunc
1086 3181 1215 3243 quoque
1238 3160 1296 3223 At·

159 3266 298 3332 ticorum
322 3269 595 3350 consuetudinem,
618 3275 656 3335 ut
677 3271 710 3334 in
733 3271 784 3336 his
806 3270 1025 3337 locutionibus
1043 3294 1151 3337 merus
1168 3272 1296 3336 dativus

159 3378 380 3460 adhiberetur,
402 3382 586 3465 Appianum
601 3387 747 3447 secutum
770 3404 841 3448 esse
860 3384 908 3448 ita
923 3389 1041 3464 tamen,
1064 3389 1101 3449 ut
1122 3384 1294 3467 quinquies

159 3489 364 3573 frequentius
386 3492 475 3577 apud
498 3513 570 3558 eum
588 3494 647 3558 has
663 3496 922 3579 praepositiones
941 3517 1039 3579 quam
1062 3496 1166 3560 solum
1183 3517 1293 3560 casum

162 3603 318 3686 scriptum
343 3625 413 3669 esse
434 3605 529 3670 facilc
554 3606 796 3672 ratiocinemur.

261 3714 324 3780 Hic
343 3717 510 3782 commode
522 3722 671 3783 notemus
689 3718 788 3799 locos,
810 3719 866 3784 ubi
888 3741 952 3784 uon
965 3719 1060 3784 modo
1082 3720 1116 3784 in
1129 3719 1295 3812 ¹militibus
1378 3789 1384 3800 ,

157 3827 210 3892 vel
224 3827 360 3892 navibus
378 3828 435 3892 sed
456 3829 490 3892 in
511 3829 583 3894 aliis
601 3830 699 3894 etiam
721 3831 820 3896 rebus
835 3832 985 3896 inanimis
1010 3853 1083 3896 cum
1097 3832 1197 3897 Attici
1219 3853 1294 3915 par-

158 3940 306 4023 ticipium
327 3939 460 4023 aliquod
480 3941 590 4027 (έχων,
607 3939 710 4029 ἄγων,
728 3943 853 4030 φέρων,
872 3941 998 4031 λαβών)
1023 3965 1143 4028 μονεντε
1159 3944 1293 4021 soleant,

262 4131 286 4198 l)
306 4129 339 4182 ct.
366 4129 461 4199 Polyb.
480 4129 559 4199 XXI,
586 4132 629 4198 30,
649 4133 689 4186 10.
725 4132 828 4202 XXIII,
848 4134 872 4202 1,
890 4135 915 4188 7.
957 4131 1037 4188 Diod.
1056 4131 1163 4198 XXXI,
1190 4133 1232 4200 28,
1251 4135 1292 4190 29.

160 4213 298 4271 Plutarch.
318 4215 392 4270 Max.
410 4217 434 4272 4.
471 4216 556 4272 Marc.
573 4218 598 4270 8.
634 4217 701 4274 Luc.
723 4221 765 4274 24.
784 4221 827 4276 29.
864 4218 921 4276 Cat
941 4221 981 4276 ll.
1017 4214 1117 4274 Clecm.
1141 4221 1181 4274 12.

259 4304 286 4372 2)
305 4301 339 4355 ct.
358 4302 459 4374 Krueg.
478 4305 520 4372 48,
540 4305 581 4372 16,
602 4305 642 4358 18.
