3074 4916
662 322 789 384 ...56
833 354 877 370 ..

208 510 306 554 sensu
337 493 515 573 usurpatae
544 488 795 572 praepositionis
825 488 909 577 πρὸς
931 488 1038 555 nullus
1058 488 1231 556 exhibetur
1252 490 1344 554 locus

208 599 296 686 apud
317 600 547 686 Thucydidem,
571 600 611 666 ci.
634 600 659 665 1.
681 600 824 682 Golisch‚
847 601 886 666 de
907 622 1020 686 praep.
1044 624 1105 668 usu
1126 601 1343 687 Thucydideo.

208 713 243 780 P.
266 713 326 779 VI:
349 713 389 778 de
410 711 494 800 πρὸς
514 734 663 797 praepos.
686 735 717 798 p.
744 720 792 779 15.

311 824 436 892 Maiore
459 846 536 891 vero
549 825 704 892 libertate
727 847 767 891 ac
788 848 906 910 parum
924 827 1019 892 anxie
1040 827 1074 893 in
1096 827 1159 892 hac
1180 826 1344 911 particula

209 937 395 1004 adhibenda
418 939 540 1004 versati
569 943 645 1004 suut
670 939 868 1004 recentiores
891 940 1084 1024 scriptume,
1108 961 1246 1024 quorum
1267 937 1344 1002 libri

207 1049 329 1134 ubique
358 1049 519 1134 praebent
549 1051 714 1134 exempla,
744 1052 780 1116 iu
812 1051 930 1134 quibus
957 1052 1158 1136 praepositio
1189 1050 1273 1136 πρὸς
1301 1051 1344 1115 ad

164 1149 166 1154 ⁸
208 1168 375 1229 auctorem
396 1161 605 1227 indicandum
635 1164 725 1228 nullo
753 1185 867 1229 sensus
898 1161 1085 1230 discrimine
1113 1164 1247 1248 ponitur
1271 1162 1343 1228 loco

206 1274 387 1359 particulae
410 1271 485 1343 ἀπό.
530 1275 595 1341 Sed
624 1277 680 1360 qui
709 1276 806 1342 huius
834 1298 912 1341 usus
941 1276 1005 1342 loci
1031 1277 1064 1341 in
1088 1277 1228 1361 Appiani
1250 1274 1344 1340 libris

206 1388 360 1472 leguntur
389 1393 535 1452 -sunt
563 1393 673 1453 autem
709 1387 752 1453 ad
780 1394 911 1454 cantum
942 1388 1012 1455 fere
1032 1426 1076 1444 -ψ-
1105 1371 1344 1453 iam'nostrum

208 1501 272 1566 erit
282 1498 431 1584 proierre
447 1500 504 1580 ita,
527 1504 564 1566 ut
580 1501 720 1585 primum
734 1522 854 1582 omncs,
878 1501 934 1585 qui
948 1500 1050 1566 verba
1064 1499 1210 1585 passiva,
1228 1500 1344 1565 deinde

208 1613 265 1696 qui
285 1611 386 1677 verba
407 1612 558 1695 passivae
579 1613 720 1679 notioms
742 1635 816 1678 cum
836 1612 900 1679 hac
913 1614 1156 1698 praepositione
1172 1613 1345 1678 coniuncta

208 1723 371 1802 exhibent,
389 1725 575 1808 Appianeos
590 1726 679 1791 locos
696 1725 897 1806 adnotemus,
921 1725 1129 1811 quoiaoilius
1150 1725 1238 1810 apud
1252 1724 1344 1790 ilium

206 1837 293 1903 inter
313 1837 374 1903 has
397 1836 479 1902 duas
496 1838 628 1903 voculas
650 1836 731 1923 (ὑπὸ
755 1843 788 1903 et
808 1837 906 1924 πρός)
928 1838 1052 1904 nullum
1076 1838 1250 1903 discrimen
1273 1857 1344 1902 esse

208 1954 377 2034 appareat.

310 2064 344 2148 a)
367 2061 456 2146 Hisp.
480 2067 537 2128 63:
566 2067 690 2149 νομίζω
720 2061 803 2148 πρὸς
825 2060 994 2150 Ἑλλήνων
1019 2062 1120 2131 πάλαι
1148 2058 1344 2149 Ταρτησσὸν

207 2171 439 2263 ὀνομάζεσθαι.
492 2174 561 2260 Syr.
592 2181 649 2242 67:
685 2173 795 2263 σωτὴρ
824 2178 880 2244 καί
908 2173 964 2244 tte
995 2173 1079 2261 πρὸς
1106 2183 1176 2243 τῶν
1206 2178 1345 2259 Συρίων

207 2284 417 2374 ὀνομασθείς.
471 2286 606 2370 Civil.1‚
630 2296 668 2355 5:
708 2296 875 2376 κληθῆναι
904 2287 989 2375 πρὸς
1019 2284 1143 2356 αὐτῶν.
1187 2286 1241 2366 IV,
1268 2291 1344 2351 102:

210 2397 253 2479 ὡς
273 2403 307 2467 οί
335 2396 419 2485 πρὸς
447 2408 517 2468 τῶν
552 2396 639 2490 ἀμφὶ
670 2400 731 2471 τὸν
760 2408 915 2488 Βροῦτον
945 2405 1066 2488 εἴρητο.
1111 2399 1193 2464 Mac.
1227 2403 1275 2478 11,
1307 2403 1344 2463 2:

207 2509 259 2579 ότι
279 2510 362 2597 πρός
383 2518 518 2581 πολλῶν
539 2510 698 2606 ἀγαπῷτο
720 2515 776 2582 καὶ
799 2514 980 2582 ἐπαινοῖτο.
1026 2511 1114 2578 Givil.
1128 2513 1165 2592 V,
1183 2516 1239 2577 66:
1262 2507 1345 2596 πρὸς

206 2623 344 2693 πάντων
365 2624 618 2715 ἐπαινούμενον.
662 2627 703 2707 11,
727 2631 762 2691 2:
785 2623 1057 2712 θεραπευόμενος
1079 2624 1127 2691 ἔτι
1143 2619 1227 2709 πρὸς
1244 2625 1343 2690 δυνα-

207 2744 278 2804 τῶν
299 2731 444 2821 ἀνδρῶν.
488 2738 545 2819 ΙΙΙ,
568 2745 624 2806 38:
654 2735 849 2827 ἀτιμωμένω
881 2735 965 2826 πρὸς
984 2733 1172 2804 Ἀντωνίου.
1216 2735 1343 2816 Ι,112;

208 2844 422 2916 ἀπιστεῖσθαι
448 2849 531 2938 πρὸς
561 2848 676 2920 αὐτοῦ.
720 2852 761 2933 Π,
786 2857 864 2917 101:
894 2848 977 2937 πρὸς
1005 2847 1143 2916 πάντων
1163 2845 1345 2915 ἐπιποθού-

207 2995 321 3058 μενον.
366 2967 420 3048 lv,
441 2972 499 3031 45:
522 2969 578 3033 ἵνα
599 2964 646 3051 μὴ
667 2968 838 3052 γνωσθείη
860 2962 943 3051 πρὸς
965 2961 1091 3048 ἑτέρον.

311 3080 391 3145 Pun.
416 3085 472 3145 43:
502 3075 765 3164 ἐξοτρυνόμενον
786 3073 870 3162 πρὸς
893 3083 963 3144 τῶν
985 3075 1239 3160 Καρχηδονίων.
1284 3070 1346 3135 Mi-

207 3193 271 3260 thr.
289 3199 345 3260 66:
369 3192 452 3280 πρὸς
472 3199 542 3259 τῶν
557 3187 749 3277 γεγονότων
772 3185 942 3277 ἡρέθισθε.
988 3184 1077 3251 Civil.
1094 3184 1135 3264 11,
1153 3188 1212 3250 31:
1235 3190 1346 3251 πελεν-

208 3305 326 3394 όμενος
348 3302 431 3392 πρὸς
454 3301 600 3393 όπάτων.
645 3302 670 3383 Ι,
699 3306 757 3369 3οι
793 3299 1004 3390 ὑβριζόμενοι
1034 3295 1118 3385 πρὸς
1146 3304 1209 3364 τοῦ
1233 3291 1346 3366 Ἀπου-

187 3422 314 3507 ληίου.
358 3417 416 3498 ΙΙΙ,
435 3421 492 3482 27:
516 3419 545 3483 εί
566 3413 650 3502 πρὸς
670 3411 849 3483 Ἀντωνίου
863 3410 1019 3501 βιάζοιτο.
1058 3416 1114 3476 39:
1138 3405 1347 3495 ἕπιβουλεύε·

209 3540 289 3600 σθαι
311 3530 394 3618 πρὸς
412 3526 600 3596 Ἀντωνίου.
644 3527 747 3592 idem:
769 3526 824 3607 lv,
840 3531 890 3590 27.
913 3525 969 3606 ΠΙ,
984 3530 1038 3590 39:
1064 3520 1148 3610 πρὸς
1167 3518 1348 3590 Ἀντωνίου

209 3647 473 3731 δολοφονεῖσθαι

312 3757 417 3820 Hann.
442 3758 500 3820 60:
530 3749 613 3837 πρὸς
641 3748 757 3820 αὐτῶν
790 3749 1000 3837 ὠφελεῖσθαι.
1045 3746 1156 3812 Mithr.
1180 3751 1235 3811 15:
1262 3743 1350 3829 πρὸς

203 3865 376 3956 Ῥωμαίων
404 3863 633 3951 ἀδικούμενος.
684 3863 778 3929 ibid:
815 3857 1013 3950 ἠδικημένος
1048 3857 1132 3945 πρὸς
1161 3855 1273 3944 ὑμῶν,
1305 3855 1349 3924 cf.

210 3981 298 4047 civil.
311 3980 365 4061 IV,
383 3983 433 4044 32.
451 3985 501 4044 95.
522 3976 560 4057 V,
579 3982 628 4042 14.
645 3981 695 4041 28.
740 3974 848 4041 Semel
868 3974 902 4038 in
923 3973 1037 4038 eodem
1059 3971 1228 4036 enuntiato
1249 3989 1351 4054 prae·

209 4093 385 4177 positiones
414 4087 498 4176 πρὸς
526 4093 559 4154 et
588 4085 655 4156 ὑπὸ
684 4088 769 4152 inter
799 4109 833 4152 se
865 4086 1063 4169 excipientes
1091 4083 1180 4149 civil.
1203 4083 1256 4161 IV,
1287 4087 1351 4147 32:

210 4203 293 4291 πρὸς
315 4201 410 4293 ἡμῶν
432 4199 506 4271 οἶον
528 4198 594 4269 ὑπὸ
616 4209 685 4269 τῶν
706 4197 843 4287 ἀνδρῶν
864 4196 1052 4288 ἠδικῆσθαι.
1160 4281 1165 4290 .

1356 11 1535 325 ‚¹
