3074 4916
579 319 795 378 ...272-

130 489 252 575 ημὲνον.
298 489 339 552 Hi
362 489 440 568 loci,
472 488 528 572 qui
560 488 658 552 etiam
677 487 787 572 plures
815 486 926 552 afferri
956 492 1108 571 possunt,
1141 492 1255 570 aperte

129 601 214 666 nobis
236 601 406 666 declarant
427 601 610 685 Appianum
631 600 785 666 maluisse
806 600 1062 684 praepositivam
1083 599 1255 664 verborum

128 715 393 778 constructionem
423 735 521 796 quam
550 712 686 797 simplex
714 712 910 777 adieetivum
934 711 1090 778 adhibere
1113 715 1255 798 (aureus,

128 825 261 905 ferreus,
293 825 562 911 ebernensem).
607 825 754 891 Conferri
780 824 891 905 velim,
920 824 1008 907 quod
1031 846 1130 909 supra
1158 845 1256 909 expo-

127 938 252 1002 suimus.

223 1049 268 1114 Ut
289 1051 459 1116 materiem
491 1051 537 1116 sic
566 1051 817 1116 instrumentum
846 1069 944 1134 saepe
966 1049 1167 1134 praepositio
1190 1046 1256 1116 ἀπὸ

125 1161 291 1245 significat,
314 1163 347 1227 in
372 1184 437 1246 qua
459 1168 571 1228 tamen
602 1163 839 1246 significatione
869 1161 964 1229 facile
993 1162 1116 1246 ubique
1139 1182 1256 1244 cogno-

125 1275 222 1340 scitur
252 1275 300 1339 vis
329 1275 387 1340 illa
415 1276 572 1358 primaria
598 1275 678 1355 loci,
708 1275 794 1340 unde
824 1275 903 1360 quid
933 1275 1001 1340 exit
1028 1275 1078 1340 vel
1099 1278 1255 1339 movetur.

124 1388 211 1471 Hisp.
244 1392 302 1452 20:
332 1385 470 1456 ἀκόντια
502 1383 656 1473 ἀφιέντες
688 1391 721 1456 ολ
748 1389 810 1475 μἐν
838 1385 904 1457 ἀπὸ
933 1396 1054 1474 χειρῶν
1077 1390 1110 1455 οί
1132 1388 1168 1456 δὲ
1191 1383 1256 1454 ἀπὸ

122 1509 278 1586 μηχανῶν
308 1501 341 1565 ολ
375 1501 411 1567 δὲ
440 1497 506 1568 ἀπὸ
534 1497 731 1588 σφενδόνης.
777 1500 855 1565 Pun.
886 1507 945 1567 99:
982 1499 1112 1586 σκάφας
1146 1495 1257 1566 είλκον

123 1607 186 1679 ἀπὸ
208 1610 327 1680 κοίλων.
374 1612 530 1677 Similiter
559 1612 648 1678 Civil.
671 1613 724 1692 IV,
751 1618 821 1677 115.
852 1612 961 1677 Mithr.
987 1618 1043 1678 78:
1082 1613 1114 1691 ἐς
1126 1609 1257 1698 Ἀμισὸν

122 1719 186 1790 ἀπὸ
214 1722 302 1791 κάλω
334 1725 501 1794 διαπλέων
532 1757 576 1780 ==
604 1746 686 1790 nave
718 1730 827 1790 tracta
853 1724 998 1790 remulco
1026 1723 1207 1789 vehebatur
1220 1723 1255 1806 ¹).

121 1836 196 1901 ibid.
220 1841 276 1900 71:
299 1834 339 1903 τὰ
362 1843 501 1923 κλεῖθρα
523 1844 679 1924 καθῆκαν
700 1838 732 1918 ἐς
753 1833 856 1918 ἆντᾶς
878 1833 944 1904 ἀπὸ
966 1845 1122 1924 μηχανῆς.
1156 1835 1254 1900 Prae-

121 1953 212 2013 terea
235 1948 344 2013 Mithr.
368 1954 417 2013 31.
452 1949 540 2015 civil.
563 1950 588 2030 I,
611 1956 662 2016 93.
690 1951 744 2029 IV,
770 1956 840 2016 115.
869 1951 905 2029 V,
934 1955 1004 2014 119.

222 2061 293 2125 Hac
306 2081 435 2144 quoque
450 2061 685 2146 significatione
697 2084 758 2147 pro
781 2057 847 2129 ἀπὸ
869 2082 973 2145 eaque
998 2061 1128 2144 saepius
1147 2061 1256 2144 posita

119 2179 169 2238 est
190 2173 353 2256 particula
377 2174 431 2253 ἐκ,
463 2174 502 2239 ef.
526 2173 630 2239 Hann.
654 2180 711 2240 51:
744 2172 802 2253 τὰς
831 2175 892 2260 μὲν
921 2172 1027 2253 πύλας
1055 2174 1091 2240 ἐκ
1112 2171 1255 2258 μηχανη-

117 2311 222 2366 πατος
243 2281 442 2353 ἀνέσπασαν.
488 2285 583 2352 ibid.:
614 2276 715 2366 αὖθις
744 2287 780 2354 ἐκ
809 2295 871 2354 τοῦ
895 2282 1131 2373 μηχανήματος
1154 2279 1256 2362 αὐτὰς

114 2398 335 2483 ἐπικαθῆκαν.
379 2397 427 2462 Ill.
461 2405 515 2464 11:
555 2397 702 2484 κορύνας
737 2401 772 2466 ἐκ
804 2404 1019 2466 καταπελτῶν
1056 2394 1253 2481 ἐσφενδόνα.

116 2510 187 2594 Syr.
205 2515 262 2577 64:
287 2511 322 2577 ἐκ
344 2519 406 2579 τοῦ
427 2509 529 2591 κυνὸς
551 2510 691 2597 μάλιστα
713 2508 900 2597 ἀνευρόντα
923 2508 975 2596 (τὸ
999 2510 1115 2596 σῶμα).
1160 2508 1257 2573 ibid.:

112 2622 357 2709 μεμαχημένων
387 2623 423 2690 ἐκ
454 2622 562 2709 χειρὸς
592 2627 723 2704 οἰκείας.
763 2623 873 2688 Mithr.
899 2628 956 2688 34:
983 2623 1019 2690 ἐκ
1041 2629 1257 2690 καταπελτῶν

113 2734 241 2802 ἔκτεινε
264 2734 416 2816 πολλούς.
462 2736 550 2801 civil.
573 2737 620 2816 Π,
655 2743 731 2802 147:
765 2733 803 2804 τὸ
832 2737 868 2804 δὲ
898 2732 1113 2820 ἀνδρείκελον
1142 2735 1178 2802 ἐκ
1198 2761 1255 2821 μη-

111 2855 219 2932 χανῆς
243 2847 462 2932 ἐπεστρέφετο
484 2847 602 2935 πάντη.
640 2849 693 2927 IV,
725 2855 786 2914 77:
815 2846 894 2928 τοὺς
923 2849 984 2934 μὲν
1007 2849 1043 2915 ἐκ
1065 2845 1253 2934 μηχανημά-

111 2985 187 3025 των
208 2959 240 3037 ἐς
262 2957 303 3026 τὰ
326 2964 427 3046 τείχη,
451 2958 530 3040 τοὺς
552 2962 587 3030 δὲ
612 2962 647 3028 ἐκ
676 2959 779 3040 ποδὸς
810 2961 940 3047 ἐπῆγεν.
986 2957 1142 3024 Similiter
1166 2958 1254 3024 civil.

114 3071 152 3148 V,
183 3076 253 3136 118.

653 3365 723 3424 ΕΚ.

221 3519 290 3582 lam
310 3521 505 3586 accedamus
535 3521 577 3585 ad
607 3519 834 3586 illustrandam
862 3521 1131 3605 significationem
1160 3541 1255 3603 prae-

104 3631 289 3716 positionis
311 3632 361 3711 ἐκ,
392 3653 476 3716 quae
504 3633 671 3716 aptissime
694 3633 902 3717 subiungitur
930 3633 1063 3698 voculae
1088 3627 1155 3700 ἀπὸ
1177 3653 1255 3716 pro-

100 3749 248 3828 pterea,
284 3744 371 3826 quod
408 3766 642 3829 saepenumero
673 3766 745 3811 eam
780 3745 867 3810 illius
904 3765 1038 3810 munere
1071 3741 1163 3827 fungi
1190 3744 1254 3808 iam

100 3861 216 3920 antea
245 3855 384 3922 vidimus
414 3857 619 3940 maximeque
651 3858 840 3941 apparebit,
873 3857 980 3940 qualis
1012 3857 1055 3922 sit
1086 3857 1171 3922 ratio
1205 3857 1256 3920 his

97 3967 245 4032 duabus
268 3968 401 4034 vocibus
424 3969 512 4052 apud
533 3970 716 4054 Appianum
739 3968 861 4035 utendi.
907 3969 988 4034 Nam
1005 3968 1068 4034 hoe
1082 3969 1256 4034 discrimen

222 4149 246 4218 1)
264 4165 319 4216 quo
345 4149 405 4205 loco
432 4165 594 4218 quamquam
619 4151 763 4220 Appianus
790 4149 874 4219 paulo
899 4150 1059 4206 inusitatius
1086 4149 1194 4203 loeutus
1214 4155 1256 4202 est

91 4231 168 4290 ἀπὸ
192 4232 267 4290 κάλω
286 4261 319 4280 ==
337 4235 459 4291 remulco
473 4239 588 4305 tractus,
607 4237 766 4306 consideo,
785 4252 834 4292 cur
853 4236 997 4292 Reiskium
1016 4237 1103 4292 secuti
1119 4244 1254 4290 mutemus

87 4320 182 4376 illud
205 4316 260 4376 οἰκῶ
279 4323 354 4378 κάλω
371 4324 399 4378 in
417 4316 459 4378 ἐπ’
479 4316 592 4398 ἀκατίῳ,
611 4323 646 4378 cf.
665 4325 737 4394 App.
757 4325 798 4379 ed.
819 4323 1014 4380 Mendelssohn
1031 4342 1060 4394 p.
1079 4325 1138 4394 517,
1158 4324 1199 4378 12.
