3074 4916
756 301 972 362 -2g...

298 491 368 534 esse
395 470 564 534 voluerunt
589 471 765 552 scriptores
788 470 888 535 Attici
908 470 993 534 inter
1016 466 1082 537 ἀπὸ
1107 475 1139 533 et
1162 470 1208 550 ἐκ,
1231 475 1269 534 ut
1291 471 1343 534 illa
1359 493 1413 534 non

296 588 363 647 tarn
389 582 519 648 definite
542 588 576 647 et
598 588 752 648 accurate
781 604 878 667 quam
907 583 941 648 in
964 582 1149 648 universum
1172 582 1335 648 describat
1353 605 1413 650 earu

296 700 443 778 partem,
473 693 558 758 nude
585 700 692 759 motus
715 694 770 774 fit,
800 694 882 760 haec
906 717 983 760 vero
1007 695 1195 760 interiorem
1219 697 1312 778 quasi
1334 717 1414 778 quem

296 808 343 871 rei
372 807 479 872 locum
510 806 661 886 denotet,
700 830 740 872 ex
768 829 832 890 quo
862 807 1052 892 provehitur
1083 808 1183 872 motio
1215 808 1266 872 vel
1297 808 1415 872 effectus

296 918 412 984 editur.
458 918 550 997 Quod
573 919 702 984 omnino
726 920 794 984 fere
810 920 924 1003 paucis
942 925 1071 984 tantum
1094 920 1174 984 locis
1196 920 1322 985 omissis
1340 921 1415 1004 apud

297 1031 479 1114 Appianum
503 1030 685 1113 neglectum
708 1054 779 1097 esse
809 1032 886 1096 mibi
910 1032 1039 1096 videtur
1065 1033 1297 1115 contemplanti
1320 1054 1417 1097 omnes

295 1143 480 1226 Appianeos
512 1141 620 1224 locos,
654 1144 772 1227 quibus
809 1142 898 1209 nullo
928 1143 1114 1209 discrimine
1148 1150 1181 1209 et
1210 1144 1358 1229 propriae
1389 1151 1418 1210 et

296 1253 477 1320 translatae
501 1256 641 1321 notionis
663 1256 884 1321 intercedente
905 1255 1001 1321 modo
1028 1252 1094 1324 ἀπὸ
1117 1257 1213 1321 modo
1236 1258 1273 1325 ἐκ
1292 1279 1418 1341 praepo-

293 1367 367 1432 sitio
397 1367 439 1433 ab
471 1369 620 1453 Appiano
652 1373 811 1452 usurpata
841 1368 1011 1433 invenitur.
1064 1369 1112 1432 Ex
1143 1391 1255 1436 eorum
1286 1391 1420 1450 numero,

294 1479 349 1562 qui
372 1485 448 1544 suut
470 1479 668 1560 creberrimi,
691 1481 753 1546 hos
775 1482 878 1546 solum
903 1480 1020 1546 affero:

448 1645 637 1730 ξενολογεῖν
659 1641 741 1712 cirre:
771 1644 850 1709 Pun.
875 1652 902 1711 5.
928 1651 977 1711 54.

534 1810 553 1837 ,,
661 1758 712 1824 λιιι
742 1758 829 1822 Sicil.
854 1763 881 1822 2.
912 1759 980 1842 Syr.
1005 1764 1054 1824 39.

447 1867 645 1957 διαφεύγειν
667 1872 787 1954 (κακοῦ
807 1874 882 1955 etc.)
905 1867 990 1939 drrd:
1017 1871 1106 1954 Hisp.
1126 1878 1174 1937 57.
1199 1871 1423 1951 civil.11‚1os.

909 1984 958 2050 έκι
988 1983 1079 2068 Hisp.
1103 1991 1140 2049 cl
1160 1984 1248 2069 (bis).

451 2093 469 2161 ὁ
493 2091 559 2162 ἀπό
582 2121 672 2176 τινος
695 2094 817 2180 φόβοςτ
841 2095 919 2159 Pun.
944 2101 993 2160 62.

448 2204 524 2273 ὁέκ
547 2233 637 2286 τινος
660 2205 780 2294 φόβοςε
805 2207 893 2272 Civil.
917 2209 970 2287 lv,
997 2214 1046 2272 74.

447 2313 499 2387 ἀπ’
523 2315 641 2406 ἀρχῆςε
664 2320 743 2383 Pnn.
764 2325 791 2383 2.
815 2319 897 2383 Mac.
921 2328 949 2385 9.
974 2321 1062 2386 Civil.
1087 2328 1114 2386 7.

448 2432 481 2512 ἐξ
503 2431 621 2517 ἀρχῆςι
648 2431 734 2496 Sicil.
756 2437 784 2495 6.
807 2431 886 2496 Pun.
910 2440 960 2498 95.
983 2432 1092 2497 Mithr.
1117 2441 1165 2499 54.

446 2541 515 2612 αἰιὸ
539 2543 768 2630 σονθήματοςι
801 2544 890 2608 Civil.
913 2545 970 2624 Ill,
994 2551 1043 2609 30.

447 2657 482 2723 ἐκ
505 2655 736 2743 σονθήματοςι
766 2657 854 2722 Civil.
878 2657 932 2735 IV,
957 2663 1006 2720 77.

395 2820 465 2885 Hoc
484 2821 581 2884 etiam
606 2821 707 2885 multo
731 2821 851 2886 clarius
873 2827 966 2904 patet
993 2844 1032 2886 ex
1055 2823 1106 2886 his
1130 2823 1295 2906 exemplis,
1317 2825 1377 2888 ubi
1400 2825 1441 2889 in

292 2933 405 2996 eodem
428 2932 595 2996 enuntiato
611 2928 677 2999 ἀπὸ
701 2938 733 2996 et
756 2919 791 3000 ἓν
813 2933 899 2997 inter
922 2956 956 2998 se
974 2935 1189 3016 excipiuntur,
1213 2934 1251 2999 cf.
1275 2935 1357 3000 Puu.
1375 2943 1441 3002 15:

291 3046 323 3125 ἐξ
342 3041 483 3132 Ἰβηρίας
508 3042 528 3130 ἢ
552 3049 705 3124 Σικελίας
728 3042 748 3130 ἢ
770 3041 835 3112 ἀπὸ
858 3055 916 3131 τῆς
935 3042 1072 3125 Ἰταλίας
1095 3047 1315 3133 πεμφθέντες.
1351 3047 1442 3113 ibid.

291 3164 348 3222 31:
372 3158 662 3243 ἐπιπλεοσομένων
679 3153 809 3242 Ἀννίβα
833 3158 865 3237 ἐξ
884 3154 1021 3237 Ἰταλίας
1043 3159 1098 3224 καὶ
1121 3157 1291 3244 Μάγωνος
1315 3161 1352 3228 ἐκ
1379 3169 1444 3228 Λι-

290 3268 384 3355 γύων
407 3271 462 3336 καὶ
474 3266 635 3348 Ἄννωνος
654 3265 719 3337 ἀπὸ
744 3269 968 3357 Καρχηδόνος.
992 3276 1049 3337 71:
1074 3267 1137 3355 τὴν
1153 3271 1239 3338 θέαν
1262 3275 1350 3340 ἰδεῖν
1374 3271 1446 3341 τὸν

290 3385 357 3449 Δία
379 3377 445 3449 ἀπὸ
470 3389 526 3465 τῆς
540 3377 631 3466 ’Ίδης
648 3383 703 3448 καὶ
726 3380 786 3450 τὸν
810 3385 1006 3450 Ποσειδῶνα
1030 3383 1065 3449 ἐκ
1087 3381 1324 3474 Σαμοθρᾴκης.
1375 3385 1448 3448 Mi-

290 3493 353 3558 thr.
377 3498 434 3557 68:
466 3499 658 3577 antecoenia
679 3490 745 3560 ἀπό
773 3520 806 3561 τε
839 3493 966 3574 δύσεως
988 3496 1043 3562 ναὶ
1067 3495 1099 3574 ἐξ
1120 3490 1292 3580 ἀνατολῆς.
1341 3496 1449 3562 Civil.

290 3606 314 3684 l,
339 3611 394 3671 79:
422 3606 476 3673 ἐπί
497 3631 531 3672 τε
556 3603 691 3690 Πάτρας
713 3601 778 3672 ἀπὸ
808 3614 870 3673 τοῦ
902 3605 1066 3691 Πειραιῶς
1088 3607 1144 3674 καὶ
1168 3607 1203 3674 ἐκ
1227 3617 1384 3693 Πατρῶν
1413 3611 1452 3689 ἐς

292 3719 491 3800 Βρεντέσιον
512 3717 644 3784 διέπλει.
676 3719 712 3797 V,
731 3724 788 3784 86:
812 3714 935 3798 αὐτοὺς
958 3714 1018 3803 οὐχ
1042 3718 1158 3803 ἑώρων
1180 3716 1256 3786 οὔτε
1279 3717 1351 3788 ἀπὸ
1378 3731 1454 3807 γῆς

291 3825 368 3895 οὔτε
392 3829 427 3894 ἐκ
450 3827 628 3916 θαλάσσης.
653 3836 712 3896 89:
736 3831 771 3898 ἐν
794 3856 828 3898 τε
852 3839 913 3897 τοῦ
928 3829 1092 3917 πελάνους
1114 3834 1169 3898 καὶ
1191 3829 1257 3898 ἀπὸ
1277 3842 1338 3918 τῆς
1366 3843 1456 3920 γῆς.

294 3946 370 4006 119;
394 3929 429 4026 (ἦ
451 3941 463 4023 l
487 3941 565 4027 βέλη
589 3939 629 4007 τδι
653 3943 714 4028 μὲν
737 3944 772 4010 ἐν
786 3951 933 4030 μηχανῆς
954 3941 994 4008 τὰ
1015 3944 1051 4010 δὲ
1073 3940 1139 4010 ἀπὸ
1162 3953 1290 4028 χειροῖν.
1326 3946 1458 4024 Quam

290 4051 568 4134 praepositionum
613 4054 827 4118 mutationem
873 4054 1049 4138 scriptores
1095 4055 1220 4119 Atticos
1276 4057 1462 4122 vitavisse

292 4184 402 4232 eorum
433 4163 535 4228 libros
564 4166 756 4248 pervolvens
784 4166 931 4249 repperi,
970 4166 1025 4247 qui
1056 4167 1089 4229 in
1122 4165 1234 4231 eodem
1258 4169 1462 4234 enuntiato
